<?xml version="1.0" encoding="UTF-8"?>
<!DOCTYPE html PUBLIC "-//W3C//DTD XHTML 1.0 Transitional//EN"
    "http://www.w3.org/TR/xhtml1/DTD/xhtml1-transitional.dtd">
<html xmlns="http://www.w3.org/1999/xhtml" xml:lang="en" lang="en">
 <head>
  <title>
</title>
<meta http-equiv="Content-Type" content="text/html;charset=utf-8" />
  <meta name='ocr-system' content='tesseract 3.04.00' />
  <meta name='ocr-capabilities' content='ocr_page ocr_carea ocr_par ocr_line ocrx_word'/>
</head>
<body>
  <div class='ocr_page' id='page_1' title='image "./gpachymerisdecl00hiergoog_0040.png"; bbox 0 0 3684 5659; ppageno 0'>
   <div class='ocr_carea' id='block_1_1' title="bbox 395 590 1591 4415">
    <p class='ocr_par' dir='ltr' id='par_1_1' title="bbox 416 590 1513 1162">
     <span class='ocr_line' id='line_1_1' title="bbox 419 590 1503 675; baseline -0.007 -3"><span class='ocrx_word' id='word_1_1' title='bbox 419 599 465 673; x_wconf 73' lang='grc'>16</span> <span class='ocrx_word' id='word_1_2' title='bbox 753 609 787 666; x_wconf 83' lang='lat' dir='ltr'>r.</span> <span class='ocrx_word' id='word_1_3' title='bbox 816 590 1171 675; x_wconf 63' lang='grc' dir='ltr'>νοιῆηκιππνονν</span> <span class='ocrx_word' id='word_1_4' title='bbox 1495 640 1503 664; x_wconf 76' lang='grc'>,</span> 
     </span>
     <span class='ocr_line' id='line_1_2' title="bbox 416 736 1510 832; baseline -0.003 -23"><span class='ocrx_word' id='word_1_5' title='bbox 416 744 479 819; x_wconf 92' lang='grc' dir='ltr'>λοις</span> <span class='ocrx_word' id='word_1_6' title='bbox 500 740 600 830; x_wconf 76' lang='grc' dir='ltr'>μἐναί</span> <span class='ocrx_word' id='word_1_7' title='bbox 618 739 687 806; x_wconf 85' lang='grc' dir='ltr'>κατ’</span> <span class='ocrx_word' id='word_1_8' title='bbox 707 736 788 805; x_wconf 77' lang='grc' dir='ltr'>οἷκον</span> <span class='ocrx_word' id='word_1_9' title='bbox 806 737 952 832; x_wconf 86' lang='grc' dir='ltr'>ἱστορίαι1</span> <span class='ocrx_word' id='word_1_10' title='bbox 969 743 1021 806; x_wconf 81' lang='grc' dir='ltr'>καί</span> <span class='ocrx_word' id='word_1_11' title='bbox 1038 740 1070 805; x_wconf 88' lang='grc' dir='ltr'>αἱ</span> <span class='ocrx_word' id='word_1_12' title='bbox 1089 739 1258 815; x_wconf 78' lang='grc' dir='ltr'>πολυτελεῖς</span> <span class='ocrx_word' id='word_1_13' title='bbox 1276 742 1437 831; x_wconf 87' lang='grc' dir='ltr'>τράπεζαι,</span> <span class='ocrx_word' id='word_1_14' title='bbox 1457 743 1510 806; x_wconf 83' lang='grc' dir='ltr'>καὶ</span> 
     </span>
     <span class='ocr_line' id='line_1_3' title="bbox 417 848 1513 941; baseline -0.003 -24"><span class='ocrx_word' id='word_1_15' title='bbox 417 853 545 941; x_wconf 79' lang='grc' dir='ltr'>ἄμπελοι</span> <span class='ocrx_word' id='word_1_16' title='bbox 557 853 609 916; x_wconf 81' lang='grc' dir='ltr'>καί</span> <span class='ocrx_word' id='word_1_17' title='bbox 628 858 717 920; x_wconf 78' lang='grc' dir='ltr'>κηποι</span> <span class='ocrx_word' id='word_1_18' title='bbox 731 848 979 941; x_wconf 76' lang='grc' dir='ltr'>φιλοκαλοόμενοι</span> <span class='ocrx_word' id='word_1_19' title='bbox 995 850 1080 941; x_wconf 91' lang='grc' dir='ltr'>παρόι</span> <span class='ocrx_word' id='word_1_20' title='bbox 1092 859 1160 925; x_wconf 85' lang='grc' dir='ltr'>ταῖς</span> <span class='ocrx_word' id='word_1_21' title='bbox 1180 851 1306 934; x_wconf 83' lang='grc' dir='ltr'>οἰκίαις,</span> <span class='ocrx_word' id='word_1_22' title='bbox 1322 849 1426 940; x_wconf 80' lang='grc' dir='ltr'>τέρψιν</span> <span class='ocrx_word' id='word_1_23' title='bbox 1439 851 1513 922; x_wconf 87' lang='grc' dir='ltr'>ὁση-</span> 
     </span>
     <span class='ocr_line' id='line_1_4' title="bbox 417 956 1513 1055; baseline -0.003 -26"><span class='ocrx_word' id='word_1_24' title='bbox 417 964 505 1055; x_wconf 91' lang='grc' dir='ltr'>μέραι</span> <span class='ocrx_word' id='word_1_25' title='bbox 522 971 668 1054; x_wconf 87' lang='grc' dir='ltr'>παρεῖχον</span> <span class='ocrx_word' id='word_1_26' title='bbox 685 961 737 1047; x_wconf 79' lang='grc' dir='ltr'>τὴν</span> <span class='ocrx_word' id='word_1_27' title='bbox 753 959 930 1050; x_wconf 87' lang='grc' dir='ltr'>γιγνομένην</span> <span class='ocrx_word' id='word_1_28' title='bbox 939 958 960 994; x_wconf 85' lang='lat'>²·</span> <span class='ocrx_word' id='word_1_29' title='bbox 978 959 1117 1051; x_wconf 78' lang='grc' dir='ltr'>Περικλεῖ</span> <span class='ocrx_word' id='word_1_30' title='bbox 1135 956 1169 1025; x_wconf 82' lang='grc' dir='ltr'>δέ</span> <span class='ocrx_word' id='word_1_31' title='bbox 1189 961 1269 1049; x_wconf 88' lang='grc' dir='ltr'>μόνῳ</span> <span class='ocrx_word' id='word_1_32' title='bbox 1287 963 1321 1026; x_wconf 86' lang='grc' dir='ltr'>τό</span> <span class='ocrx_word' id='word_1_33' title='bbox 1342 961 1513 1037; x_wconf 78' lang='grc' dir='ltr'><strong><em>πανοπλίας</em></strong></span> 
     </span>
     <span class='ocr_line' id='line_1_5' title="bbox 418 1069 1315 1162; baseline -0.006 -23"><span class='ocrx_word' id='word_1_34' title='bbox 418 1070 549 1157; x_wconf 80' lang='grc' dir='ltr'><strong>βλέπειν,</strong></span> <span class='ocrx_word' id='word_1_35' title='bbox 569 1073 621 1137; x_wconf 83' lang='grc' dir='ltr'>καὶ</span> <span class='ocrx_word' id='word_1_36' title='bbox 635 1069 783 1156; x_wconf 79' lang='grc' dir='ltr'>πολέμους</span> <span class='ocrx_word' id='word_1_37' title='bbox 796 1069 986 1156; x_wconf 82' lang='grc' dir='ltr'>ἐνθυμεῖσθαι</span> <span class='ocrx_word' id='word_1_38' title='bbox 1000 1071 1052 1134; x_wconf 83' lang='grc' dir='ltr'>καὶ</span> <span class='ocrx_word' id='word_1_39' title='bbox 1067 1071 1187 1156; x_wconf 81' lang='grc' dir='ltr'>μάχας,</span> <span class='ocrx_word' id='word_1_40' title='bbox 1206 1073 1315 1162; x_wconf 74' lang='grc' dir='ltr'>τρυφή.</span> 
     </span>
    </p>

    <p class='ocr_par' dir='ltr' id='par_1_2' title="bbox 418 1177 1519 2488">
     <span class='ocr_line' id='line_1_6' title="bbox 466 1177 1511 1272; baseline 0.001 -26"><span class='ocrx_word' id='word_1_41' title='bbox 466 1182 506 1246; x_wconf 81' lang='grc' dir='ltr'>Σὺ</span> <span class='ocrx_word' id='word_1_42' title='bbox 526 1179 570 1267; x_wconf 81' lang='grc' dir='ltr'>δ’,</span> <span class='ocrx_word' id='word_1_43' title='bbox 594 1183 634 1258; x_wconf 86' lang='grc' dir='ltr'>ὡς</span> <span class='ocrx_word' id='word_1_44' title='bbox 653 1184 749 1267; x_wconf 90' lang='grc' dir='ltr'>έοικε,</span> <span class='ocrx_word' id='word_1_45' title='bbox 770 1183 822 1246; x_wconf 84' lang='grc' dir='ltr'>καὶ</span> <span class='ocrx_word' id='word_1_46' title='bbox 847 1181 977 1268; x_wconf 80' lang='grc' dir='ltr'>μελετῶν</span> <span class='ocrx_word' id='word_1_47' title='bbox 996 1181 1072 1272; x_wconf 87' lang='grc' dir='ltr'>ὁρῶν</span> <span class='ocrx_word' id='word_1_48' title='bbox 1085 1179 1131 1244; x_wconf 80' lang='grc' dir='ltr'>ἐπὶ</span> <span class='ocrx_word' id='word_1_49' title='bbox 1149 1188 1203 1255; x_wconf 79' lang='grc' dir='ltr'>τῆς</span> <span class='ocrx_word' id='word_1_50' title='bbox 1220 1182 1320 1255; x_wconf 84' lang='grc' dir='ltr'>οἰκίας</span> <span class='ocrx_word' id='word_1_51' title='bbox 1337 1177 1511 1272; x_wconf 85' lang='grc' dir='ltr'>σχεδάρια,</span> 
     </span>
     <span class='ocr_line' id='line_1_7' title="bbox 418 1288 1514 1387; baseline -0.003 -29"><span class='ocrx_word' id='word_1_52' title='bbox 418 1288 520 1387; x_wconf 60' lang='grc' dir='ltr'>ἐπειδή</span> <span class='ocrx_word' id='word_1_53' title='bbox 543 1317 590 1356; x_wconf 90' lang='grc' dir='ltr'>σοι</span> <span class='ocrx_word' id='word_1_54' title='bbox 613 1288 697 1373; x_wconf 83' lang='grc' dir='ltr'>άπαξ</span> <span class='ocrx_word' id='word_1_55' title='bbox 713 1291 930 1382; x_wconf 78' lang='grc' dir='ltr'>παρεχώρησεν</span> <span class='ocrx_word' id='word_1_56' title='bbox 951 1290 966 1354; x_wconf 86' lang='grc' dir='ltr'>ό</span> <span class='ocrx_word' id='word_1_57' title='bbox 989 1291 1121 1365; x_wconf 84' lang='grc' dir='ltr'>σκηπτὸς</span> <span class='ocrx_word' id='word_1_58' title='bbox 1140 1288 1282 1381; x_wconf 78' lang='grc' dir='ltr'>ψηλαρᾷν</span> <span class='ocrx_word' id='word_1_59' title='bbox 1302 1292 1343 1354; x_wconf 88' lang='grc' dir='ltr'>τά</span> <span class='ocrx_word' id='word_1_60' title='bbox 1360 1290 1439 1378; x_wconf 82' lang='grc' dir='ltr'>ἐμά,</span> <span class='ocrx_word' id='word_1_61' title='bbox 1459 1289 1514 1367; x_wconf 81' lang='grc' dir='ltr'>ἕως</span> 
     </span>
     <span class='ocr_line' id='line_1_8' title="bbox 418 1398 1512 1494; baseline 0.001 -27"><span class='ocrx_word' id='word_1_62' title='bbox 418 1407 468 1468; x_wconf 80' lang='grc' dir='ltr'>νῦν</span> <span class='ocrx_word' id='word_1_63' title='bbox 487 1398 655 1471; x_wconf 86' lang='grc' dir='ltr'>άνεκδότων</span> <span class='ocrx_word' id='word_1_64' title='bbox 671 1401 781 1485; x_wconf 76' lang='grc' dir='ltr'>οὐσῶν,</span> <span class='ocrx_word' id='word_1_65' title='bbox 802 1404 854 1467; x_wconf 81' lang='grc' dir='ltr'>καὶ</span> <span class='ocrx_word' id='word_1_66' title='bbox 879 1401 1005 1489; x_wconf 83' lang='grc' dir='ltr'>ἑτοίμων</span> <span class='ocrx_word' id='word_1_67' title='bbox 1024 1401 1185 1489; x_wconf 79' lang='grc' dir='ltr'>λεχθῆναι,</span> <span class='ocrx_word' id='word_1_68' title='bbox 1203 1405 1227 1467; x_wconf 86' lang='grc' dir='ltr'>εἰ</span> <span class='ocrx_word' id='word_1_69' title='bbox 1248 1402 1371 1467; x_wconf 90' lang='grc' dir='ltr'>καλέσει</span> <span class='ocrx_word' id='word_1_70' title='bbox 1388 1405 1512 1494; x_wconf 89' lang='grc' dir='ltr'>καιρός,</span> 
     </span>
     <span class='ocr_line' id='line_1_9' title="bbox 419 1507 1512 1599; baseline -0.001 -22"><span class='ocrx_word' id='word_1_71' title='bbox 419 1513 511 1584; x_wconf 88' lang='grc' dir='ltr'>άλλην</span> <span class='ocrx_word' id='word_1_72' title='bbox 525 1509 648 1588; x_wconf 81' lang='grc' dir='ltr'>εἰςοίξεις</span> <span class='ocrx_word' id='word_1_73' title='bbox 662 1508 762 1596; x_wconf 91' lang='grc' dir='ltr'>δίκην,</span> <span class='ocrx_word' id='word_1_74' title='bbox 778 1513 818 1588; x_wconf 89' lang='grc' dir='ltr'>ὡς</span> <span class='ocrx_word' id='word_1_75' title='bbox 832 1512 932 1578; x_wconf 84' lang='grc' dir='ltr'>ἐκεῖνα</span> <span class='ocrx_word' id='word_1_76' title='bbox 945 1513 1126 1599; x_wconf 84' lang='grc' dir='ltr'>μελετῶντος</span> <span class='ocrx_word' id='word_1_77' title='bbox 1143 1507 1214 1582; x_wconf 82' lang='grc' dir='ltr'>άδὴ</span> <span class='ocrx_word' id='word_1_78' title='bbox 1227 1516 1316 1599; x_wconf 81' lang='grc' dir='ltr'>μήπω</span> <span class='ocrx_word' id='word_1_79' title='bbox 1330 1511 1512 1590; x_wconf 68' lang='grc' dir='ltr'>συνέδησαν,</span> 
     </span>
     <span class='ocr_line' id='line_1_10' title="bbox 419 1613 1516 1714; baseline -0.001 -26"><span class='ocrx_word' id='word_1_80' title='bbox 419 1623 479 1714; x_wconf 83' lang='grc' dir='ltr'>ἐγὼ</span> <span class='ocrx_word' id='word_1_81' title='bbox 493 1619 528 1688; x_wconf 90' lang='grc' dir='ltr'>δέ</span> <span class='ocrx_word' id='word_1_82' title='bbox 538 1614 633 1711; x_wconf 80' lang='grc' dir='ltr'>(ἀλλά</span> <span class='ocrx_word' id='word_1_83' title='bbox 646 1616 723 1709; x_wconf 84' lang='grc' dir='ltr'>μηδὲ</span> <span class='ocrx_word' id='word_1_84' title='bbox 742 1621 887 1709; x_wconf 73' lang='grc' dir='ltr'>σνμὸαῖεν</span> <span class='ocrx_word' id='word_1_85' title='bbox 901 1623 973 1688; x_wconf 89' lang='grc' dir='ltr'>ποτέ</span> <span class='ocrx_word' id='word_1_86' title='bbox 982 1613 1010 1711; x_wconf 75' lang='grc' dir='ltr'>ί)</span> <span class='ocrx_word' id='word_1_87' title='bbox 1021 1618 1163 1709; x_wconf 81' lang='grc' dir='ltr'>εὐξαίμην</span> <span class='ocrx_word' id='word_1_88' title='bbox 1176 1630 1212 1711; x_wconf 78' lang='grc' dir='ltr'>τῇ</span> <span class='ocrx_word' id='word_1_89' title='bbox 1227 1622 1310 1688; x_wconf 88' lang='grc' dir='ltr'>πόλει</span> <span class='ocrx_word' id='word_1_90' title='bbox 1322 1622 1380 1688; x_wconf 84' lang='grc' dir='ltr'>ὅσα</span> <span class='ocrx_word' id='word_1_91' title='bbox 1393 1622 1516 1714; x_wconf 76' lang='grc' dir='ltr'>γέρουσι</span> 
     </span>
     <span class='ocr_line' id='line_1_11' title="bbox 421 1729 1519 1823; baseline -0.002 -24"><span class='ocrx_word' id='word_1_92' title='bbox 421 1729 569 1800; x_wconf 90' lang='grc' dir='ltr'>κίνδυνον.</span> <span class='ocrx_word' id='word_1_93' title='bbox 595 1731 674 1803; x_wconf 76' lang='grc' dir='ltr'>Πλὴν</span> <span class='ocrx_word' id='word_1_94' title='bbox 700 1732 774 1822; x_wconf 87' lang='grc' dir='ltr'>πρὸς</span> <span class='ocrx_word' id='word_1_95' title='bbox 800 1732 969 1819; x_wconf 73' lang='grc' dir='ltr'>συμόοόλου</span> <span class='ocrx_word' id='word_1_96' title='bbox 997 1738 1120 1823; x_wconf 60' lang='grc' dir='ltr'>σοροῦ,</span> <span class='ocrx_word' id='word_1_97' title='bbox 1135 1736 1188 1798; x_wconf 83' lang='grc' dir='ltr'>καί</span> <span class='ocrx_word' id='word_1_98' title='bbox 1215 1733 1519 1823; x_wconf 85' lang='grc' dir='ltr'>ταρηκολονθηκότος</span> 
     </span>
     <span class='ocr_line' id='line_1_12' title="bbox 419 1834 1516 1935; baseline 0.002 -29"><span class='ocrx_word' id='word_1_99' title='bbox 419 1834 580 1934; x_wconf 70' lang='grc' dir='ltr'>πράγμασι</span> <span class='ocrx_word' id='word_1_100' title='bbox 597 1838 729 1925; x_wconf 86' lang='grc' dir='ltr'>πόλεως,</span> <span class='ocrx_word' id='word_1_101' title='bbox 748 1842 1001 1933; x_wconf 77' lang='grc' dir='ltr'>προρυλακτικοῖς</span> <span class='ocrx_word' id='word_1_102' title='bbox 1019 1845 1152 1933; x_wconf 76' lang='grc' dir='ltr'>χρῆσθαι</span> <span class='ocrx_word' id='word_1_103' title='bbox 1171 1843 1272 1934; x_wconf 91' lang='grc' dir='ltr'>λόγοις</span> <span class='ocrx_word' id='word_1_104' title='bbox 1288 1845 1362 1935; x_wconf 88' lang='grc' dir='ltr'>πρὸς</span> <span class='ocrx_word' id='word_1_105' title='bbox 1382 1845 1422 1908; x_wconf 90' lang='grc' dir='ltr'>τόι</span> <span class='ocrx_word' id='word_1_106' title='bbox 1437 1843 1516 1910; x_wconf 90' lang='grc' dir='ltr'>πολ,-</span> 
     </span>
     <span class='ocr_line' id='line_1_13' title="bbox 420 1951 1515 2049; baseline 0 -32"><span class='ocrx_word' id='word_1_107' title='bbox 420 1953 565 2049; x_wconf 67' lang='grc' dir='ltr'>λάκιςερὶν</span> <span class='ocrx_word' id='word_1_108' title='bbox 586 1953 619 2018; x_wconf 81' lang='grc' dir='ltr'>ἐκ</span> <span class='ocrx_word' id='word_1_109' title='bbox 640 1951 735 2040; x_wconf 76' lang='grc' dir='ltr'>τύχης</span> <span class='ocrx_word' id='word_1_110' title='bbox 753 1953 1044 2045; x_wconf 81' lang='grc' dir='ltr'>παρεμπεσούμενα,</span> <span class='ocrx_word' id='word_1_111' title='bbox 1063 1956 1172 2045; x_wconf 91' lang='grc' dir='ltr'>τρόπον</span> <span class='ocrx_word' id='word_1_112' title='bbox 1195 1956 1245 2049; x_wconf 85' lang='grc' dir='ltr'>τόν</span> <span class='ocrx_word' id='word_1_113' title='bbox 1268 1953 1359 2019; x_wconf 75' lang='grc' dir='ltr'>αὐτόν</span> <span class='ocrx_word' id='word_1_114' title='bbox 1381 1957 1515 2044; x_wconf 83' lang='grc' dir='ltr'>ἰατροῖς,</span> 
     </span>
     <span class='ocr_line' id='line_1_14' title="bbox 422 2042 1517 2152; baseline 0.001 -26"><span class='ocrx_word' id='word_1_115' title='bbox 422 2063 448 2127; x_wconf 85' lang='grc' dir='ltr'>οἳ</span> <span class='ocrx_word' id='word_1_116' title='bbox 475 2042 517 2133; x_wconf 71' lang='grc' dir='ltr'>διό</span> <span class='ocrx_word' id='word_1_117' title='bbox 537 2061 682 2138; x_wconf 81' lang='grc' dir='ltr'>πολλάκις</span> <span class='ocrx_word' id='word_1_118' title='bbox 703 2065 754 2127; x_wconf 83' lang='grc' dir='ltr'>καὶ</span> <span class='ocrx_word' id='word_1_119' title='bbox 781 2064 853 2152; x_wconf 89' lang='grc' dir='ltr'>πρός</span> <span class='ocrx_word' id='word_1_120' title='bbox 876 2063 1054 2150; x_wconf 82' lang='grc' dir='ltr'>ἐλπιζόμενα</span> <span class='ocrx_word' id='word_1_121' title='bbox 1076 2060 1258 2150; x_wconf 69' lang='grc' dir='ltr'>νοσιόματαθ</span> <span class='ocrx_word' id='word_1_122' title='bbox 1278 2065 1437 2143; x_wconf 79' lang='grc' dir='ltr'>ἵστανται,</span> <span class='ocrx_word' id='word_1_123' title='bbox 1464 2065 1517 2127; x_wconf 81' lang='grc' dir='ltr'>καί</span> 
     </span>
     <span class='ocr_line' id='line_1_15' title="bbox 422 2170 1518 2279; baseline 0.001 -42"><span class='ocrx_word' id='word_1_124' title='bbox 422 2172 499 2261; x_wconf 81' lang='grc' dir='ltr'>οὐχ,</span> <span class='ocrx_word' id='word_1_125' title='bbox 524 2173 567 2238; x_wconf 89' lang='grc' dir='ltr'>ότι</span> <span class='ocrx_word' id='word_1_126' title='bbox 590 2173 795 2279; x_wconf 53' lang='grc' dir='ltr'>προμελετῶσι</span> <span class='ocrx_word' id='word_1_127' title='bbox 818 2175 870 2244; x_wconf 75' lang='grc' dir='ltr'>τὴν</span> <span class='ocrx_word' id='word_1_128' title='bbox 895 2174 1048 2264; x_wconf 80' lang='grc' dir='ltr'>φυλακήν,</span> <span class='ocrx_word' id='word_1_129' title='bbox 1068 2170 1128 2246; x_wconf 83' lang='grc' dir='ltr'>ἥδη</span> <span class='ocrx_word' id='word_1_130' title='bbox 1148 2178 1200 2240; x_wconf 86' lang='grc' dir='ltr'>καὶ</span> <span class='ocrx_word' id='word_1_131' title='bbox 1223 2174 1443 2267; x_wconf 79' lang='grc' dir='ltr'>προκαλοῦνται</span> <span class='ocrx_word' id='word_1_132' title='bbox 1466 2176 1518 2245; x_wconf 80' lang='grc' dir='ltr'>τήν</span> 
     </span>
     <span class='ocr_line' id='line_1_16' title="bbox 421 2283 1518 2375; baseline 0.001 -27"><span class='ocrx_word' id='word_1_133' title='bbox 421 2285 521 2369; x_wconf 92' lang='grc' dir='ltr'>νόσον,</span> <span class='ocrx_word' id='word_1_134' title='bbox 539 2283 621 2367; x_wconf 78' lang='grc' dir='ltr'>ἀλλ’,</span> <span class='ocrx_word' id='word_1_135' title='bbox 639 2283 683 2349; x_wconf 84' lang='grc' dir='ltr'>ὅτι</span> <span class='ocrx_word' id='word_1_136' title='bbox 696 2285 951 2375; x_wconf 79' lang='grc' dir='ltr'>προρνλάττονται</span> <span class='ocrx_word' id='word_1_137' title='bbox 965 2283 1075 2356; x_wconf 82' lang='grc' dir='ltr'>ταύτην</span> <span class='ocrx_word' id='word_1_138' title='bbox 1089 2287 1141 2349; x_wconf 85' lang='grc' dir='ltr'>καὶ</span> <span class='ocrx_word' id='word_1_139' title='bbox 1158 2285 1363 2373; x_wconf 80' lang='grc' dir='ltr'>ἐλπιζομένην,</span> <span class='ocrx_word' id='word_1_140' title='bbox 1379 2285 1518 2351; x_wconf 83' lang='grc' dir='ltr'>κωλύον-</span> 
     </span>
     <span class='ocr_line' id='line_1_17' title="bbox 424 2391 994 2488; baseline 0.004 -30"><span class='ocrx_word' id='word_1_141' title='bbox 424 2416 483 2458; x_wconf 90' lang='grc' dir='ltr'>σιν.</span> <span class='ocrx_word' id='word_1_142' title='bbox 504 2391 608 2470; x_wconf 75' lang='grc' dir='ltr'>Οὕτως</span> <span class='ocrx_word' id='word_1_143' title='bbox 624 2394 684 2485; x_wconf 82' lang='grc' dir='ltr'>ἐγὼ</span> <span class='ocrx_word' id='word_1_144' title='bbox 697 2397 762 2487; x_wconf 87' lang='grc' dir='ltr'>περὶ</span> <span class='ocrx_word' id='word_1_145' title='bbox 780 2396 832 2466; x_wconf 78' lang='grc' dir='ltr'>την</span> <span class='ocrx_word' id='word_1_146' title='bbox 845 2391 994 2488; x_wconf 79' lang='grc' dir='ltr'>πατρίδα.</span> 
     </span>
    </p>

    <p class='ocr_par' dir='ltr' id='par_1_3' title="bbox 473 2502 1517 2598">
     <span class='ocr_line' id='line_1_18' title="bbox 473 2502 1517 2598; baseline 0.001 -28"><span class='ocrx_word' id='word_1_147' title='bbox 473 2508 535 2570; x_wconf 80' lang='grc' dir='ltr'>Καὶ</span> <span class='ocrx_word' id='word_1_148' title='bbox 551 2502 637 2571; x_wconf 81' lang='grc' dir='ltr'>οὐδὲν</span> <span class='ocrx_word' id='word_1_149' title='bbox 650 2503 724 2583; x_wconf 81' lang='grc' dir='ltr'>ἕξεις</span> <span class='ocrx_word' id='word_1_150' title='bbox 735 2506 831 2598; x_wconf 87' lang='grc' dir='ltr'>λέγειν</span> <span class='ocrx_word' id='word_1_151' title='bbox 843 2509 925 2572; x_wconf 85' lang='grc' dir='ltr'>κατὰ</span> <span class='ocrx_word' id='word_1_152' title='bbox 938 2516 991 2584; x_wconf 82' lang='grc' dir='ltr'>τῆς</span> <span class='ocrx_word' id='word_1_153' title='bbox 1009 2506 1102 2595; x_wconf 79' lang='grc' dir='ltr'>ἐμῆς,</span> <span class='ocrx_word' id='word_1_154' title='bbox 1118 2507 1178 2573; x_wconf 85' lang='grc' dir='ltr'>κάν</span> <span class='ocrx_word' id='word_1_155' title='bbox 1191 2506 1290 2573; x_wconf 84' lang='grc' dir='ltr'>πολλά</span> <span class='ocrx_word' id='word_1_156' title='bbox 1305 2517 1517 2598; x_wconf 75' lang='grc' dir='ltr'>συκοφαντῇς,</span> 
     </span>
    </p>

    <p class='ocr_par' dir='ltr' id='par_1_4' title="bbox 395 2612 1521 2930">
     <span class='ocr_line' id='line_1_19' title="bbox 424 2612 1520 2709; baseline 0.002 -28"><span class='ocrx_word' id='word_1_157' title='bbox 424 2617 640 2709; x_wconf 89' lang='grc' dir='ltr'>προαιρέσεως,</span> <span class='ocrx_word' id='word_1_158' title='bbox 666 2618 710 2683; x_wconf 89' lang='grc' dir='ltr'>ότι</span> <span class='ocrx_word' id='word_1_159' title='bbox 731 2620 772 2705; x_wconf 79' lang='grc' dir='ltr'>μη</span> <span class='ocrx_word' id='word_1_160' title='bbox 791 2621 846 2694; x_wconf 91' lang='grc' dir='ltr'>τόις</span> <span class='ocrx_word' id='word_1_161' title='bbox 864 2618 1037 2696; x_wconf 39' lang='grc' dir='ltr'>,πανοπλίας</span> <span class='ocrx_word' id='word_1_162' title='bbox 1056 2621 1108 2684; x_wconf 84' lang='grc' dir='ltr'>καὶ</span> <span class='ocrx_word' id='word_1_163' title='bbox 1126 2621 1234 2706; x_wconf 90' lang='grc' dir='ltr'>μόνας,</span> <span class='ocrx_word' id='word_1_164' title='bbox 1258 2612 1308 2694; x_wconf 84' lang='grc' dir='ltr'>αἷς</span> <span class='ocrx_word' id='word_1_165' title='bbox 1328 2620 1367 2694; x_wconf 90' lang='grc' dir='ltr'>ῶς</span> <span class='ocrx_word' id='word_1_166' title='bbox 1384 2622 1520 2706; x_wconf 86' lang='grc' dir='ltr'>σημείοις</span> 
     </span>
     <span class='ocr_line' id='line_1_20' title="bbox 395 2711 1519 2819; baseline 0.003 -29"><span class='ocrx_word' id='word_1_167' title='bbox 395 2718 401 2723; x_wconf 59' lang='grc'><strong>’</strong></span> <span class='ocrx_word' id='word_1_168' title='bbox 426 2730 526 2819; x_wconf 78' lang='grc' dir='ltr'>χρήσῃ</span> <span class='ocrx_word' id='word_1_169' title='bbox 550 2723 746 2819; x_wconf 73' lang='grc' dir='ltr'>τυραννίδος·</span> <span class='ocrx_word' id='word_1_170' title='bbox 774 2731 826 2793; x_wconf 85' lang='grc' dir='ltr'>καὶ</span> <span class='ocrx_word' id='word_1_171' title='bbox 848 2729 937 2793; x_wconf 83' lang='grc' dir='ltr'>πλέον</span> <span class='ocrx_word' id='word_1_172' title='bbox 960 2725 1060 2815; x_wconf 67' lang='grc' dir='ltr'>οὐδέν.</span> <span class='ocrx_word' id='word_1_173' title='bbox 1091 2711 1163 2819; x_wconf 70' lang='grc' dir='ltr'>Ε’γὼ</span> <span class='ocrx_word' id='word_1_174' title='bbox 1189 2725 1219 2794; x_wconf 84' lang='grc' dir='ltr'>δ’</span> <span class='ocrx_word' id='word_1_175' title='bbox 1237 2724 1299 2795; x_wconf 60' lang='grc' dir='ltr'>ότιι</span> <span class='ocrx_word' id='word_1_176' title='bbox 1319 2729 1372 2817; x_wconf 79' lang='grc' dir='ltr'>μἐν</span> <span class='ocrx_word' id='word_1_177' title='bbox 1396 2726 1519 2795; x_wconf 82' lang='grc' dir='ltr'>δεῖκαὶ</span> 
     </span>
     <span class='ocr_line' id='line_1_21' title="bbox 427 2833 1521 2930; baseline 0.001 -26"><span class='ocrx_word' id='word_1_178' title='bbox 427 2837 524 2904; x_wconf 90' lang='grc' dir='ltr'>όπλωυ</span> <span class='ocrx_word' id='word_1_179' title='bbox 541 2845 583 2923; x_wconf 83' lang='grc' dir='ltr'>τῷ</span> <span class='ocrx_word' id='word_1_180' title='bbox 603 2840 814 2928; x_wconf 79' lang='grc' dir='ltr'>τυραννήσαντι</span> <span class='ocrx_word' id='word_1_181' title='bbox 839 2833 869 2912; x_wconf 83' lang='grc' dir='ltr'>ἐξ</span> <span class='ocrx_word' id='word_1_182' title='bbox 894 2841 1050 2929; x_wconf 75' lang='grc' dir='ltr'>ἀνάγκης,</span> <span class='ocrx_word' id='word_1_183' title='bbox 1072 2840 1234 2930; x_wconf 86' lang='grc' dir='ltr'>ὁμολογῶ·</span> <span class='ocrx_word' id='word_1_184' title='bbox 1259 2842 1311 2903; x_wconf 81' lang='grc' dir='ltr'>καὶ</span> <span class='ocrx_word' id='word_1_185' title='bbox 1337 2838 1457 2922; x_wconf 81' lang='grc' dir='ltr'>βλέπεις</span> <span class='ocrx_word' id='word_1_186' title='bbox 1480 2842 1521 2914; x_wconf 89' lang='grc' dir='ltr'>ῶς</span> 
     </span>
    </p>

    <p class='ocr_par' dir='ltr' id='par_1_5' title="bbox 788 3008 997 3067">
     <span class='ocr_line' id='line_1_22' title="bbox 788 3008 997 3067; baseline -0.01 -22"><span class='ocrx_word' id='word_1_187' title='bbox 788 3008 835 3067; x_wconf 48' lang='grc' dir='ltr'>ἐχ]</span> <span class='ocrx_word' id='word_1_188' title='bbox 995 3038 997 3043; x_wconf 97' lang='grc'>.</span> 
     </span>
    </p>

    <p class='ocr_par' dir='ltr' id='par_1_6' title="bbox 428 3082 1523 3396">
     <span class='ocr_line' id='line_1_23' title="bbox 428 3082 1522 3154; baseline 0.002 -17"><span class='ocrx_word' id='word_1_189' title='bbox 428 3092 524 3138; x_wconf 85' lang='grc' dir='ltr'>λεόντων</span> <span class='ocrx_word' id='word_1_190' title='bbox 544 3091 574 3144; x_wconf 84' lang='grc' dir='ltr'>ὡς</span> <span class='ocrx_word' id='word_1_191' title='bbox 593 3082 821 3154; x_wconf 53' lang='grc' dir='ltr'>Ἄρηνιδεδορκότων.</span> <span class='ocrx_word' id='word_1_192' title='bbox 842 3085 963 3136; x_wconf 77' lang='lat' dir='ltr'><strong>Timocles</strong></span> <span class='ocrx_word' id='word_1_193' title='bbox 990 3094 1099 3152; x_wconf 84' lang='grc' dir='ltr'>γνομίνην</span> <span class='ocrx_word' id='word_1_194' title='bbox 1132 3091 1256 3154; x_wconf 83' lang='grc' dir='ltr'>ἀπονέμειν</span> <span class='ocrx_word' id='word_1_195' title='bbox 1289 3097 1369 3153; x_wconf 78' lang='grc' dir='ltr'>τιμήν.</span> <span class='ocrx_word' id='word_1_196' title='bbox 1403 3088 1522 3140; x_wconf 71' lang='lat' dir='ltr'>Aristides</span> 
     </span>
     <span class='ocr_line' id='line_1_24' title="bbox 428 3163 1523 3236; baseline 0.005 -21"><span class='ocrx_word' id='word_1_197' title='bbox 428 3164 539 3215; x_wconf 75' lang='lat' dir='ltr'>Athenaei</span> <span class='ocrx_word' id='word_1_198' title='bbox 548 3165 577 3225; x_wconf 80' lang='grc'>6,</span> <span class='ocrx_word' id='word_1_199' title='bbox 591 3166 619 3226; x_wconf 85' lang='grc'>3,</span> <span class='ocrx_word' id='word_1_200' title='bbox 632 3164 765 3214; x_wconf 80' lang='lat' dir='ltr'>orationem</span> <span class='ocrx_word' id='word_1_201' title='bbox 785 3163 890 3215; x_wconf 52' lang='lat' dir='ltr'>imitatus</span> <span class='ocrx_word' id='word_1_202' title='bbox 910 3174 963 3214; x_wconf 77' lang='lat' dir='ltr'><strong>tra·</strong></span> <span class='ocrx_word' id='word_1_203' title='bbox 989 3169 1055 3219; x_wconf 79' lang='lat' dir='ltr'>Orat.</span> <span class='ocrx_word' id='word_1_204' title='bbox 1068 3173 1108 3229; x_wconf 85' lang='grc'>13,</span> <span class='ocrx_word' id='word_1_205' title='bbox 1118 3187 1144 3235; x_wconf 85' lang='lat' dir='ltr'>p.</span> <span class='ocrx_word' id='word_1_206' title='bbox 1157 3173 1200 3223; x_wconf 82' lang='lat'>151</span> <span class='ocrx_word' id='word_1_207' title='bbox 1214 3189 1221 3219; x_wconf 91' lang='lat'><strong>:</strong></span> <span class='ocrx_word' id='word_1_208' title='bbox 1233 3181 1306 3236; x_wconf 81' lang='grc' dir='ltr'>τιμᾷν</span> <span class='ocrx_word' id='word_1_209' title='bbox 1321 3179 1370 3227; x_wconf 85' lang='grc' dir='ltr'>τοῖς</span> <span class='ocrx_word' id='word_1_210' title='bbox 1381 3177 1523 3236; x_wconf 74' lang='grc' dir='ltr'>γιγνομένοις</span> 
     </span>
     <span class='ocr_line' id='line_1_25' title="bbox 429 3241 1520 3313; baseline 0.005 -20"><span class='ocrx_word' id='word_1_211' title='bbox 429 3245 520 3309; x_wconf 66' lang='lat' dir='ltr'>giem,</span> <span class='ocrx_word' id='word_1_212' title='bbox 539 3243 570 3292; x_wconf 86' lang='lat' dir='ltr'>de</span> <span class='ocrx_word' id='word_1_213' title='bbox 581 3241 765 3292; x_wconf 82' lang='lat' dir='ltr'><strong>Demosthene:</strong></span> <span class='ocrx_word' id='word_1_214' title='bbox 780 3248 962 3313; x_wconf 78' lang='grc' dir='ltr'>ὁΒριαρίως....</span> <span class='ocrx_word' id='word_1_215' title='bbox 990 3255 1032 3304; x_wconf 85' lang='grc' dir='ltr'>τὴν</span> <span class='ocrx_word' id='word_1_216' title='bbox 1050 3252 1126 3298; x_wconf 82' lang='grc' dir='ltr'>πόλιν.</span> <span class='ocrx_word' id='word_1_217' title='bbox 1142 3249 1178 3298; x_wconf 86' lang='lat' dir='ltr'>lbi</span> <span class='ocrx_word' id='word_1_218' title='bbox 1194 3249 1315 3299; x_wconf 78' lang='lat' dir='ltr'><strong>Reiskius.</strong></span> <span class='ocrx_word' id='word_1_219' title='bbox 1335 3249 1403 3298; x_wconf 75' lang='lat' dir='ltr'><strong>Idem</strong></span> <span class='ocrx_word' id='word_1_220' title='bbox 1419 3249 1520 3299; x_wconf 75' lang='lat' dir='ltr'>Panath.</span> 
     </span>
     <span class='ocr_line' id='line_1_26' title="bbox 428 3318 1521 3396; baseline 0.004 -24"><span class='ocrx_word' id='word_1_221' title='bbox 428 3318 479 3391; x_wconf 74' lang='grc' dir='ltr'>Ιλρη</span> <span class='ocrx_word' id='word_1_222' title='bbox 491 3326 592 3388; x_wconf 81' lang='grc' dir='ltr'>βλέπων.</span> <span class='ocrx_word' id='word_1_223' title='bbox 988 3341 1016 3389; x_wconf 89' lang='lat' dir='ltr'>p.</span> <span class='ocrx_word' id='word_1_224' title='bbox 1040 3325 1089 3374; x_wconf 72' lang='lat'>205</span> <span class='ocrx_word' id='word_1_225' title='bbox 1110 3346 1116 3374; x_wconf 78' lang='grc' dir='ltr'><strong><em>ε</em></strong></span> <span class='ocrx_word' id='word_1_226' title='bbox 1140 3335 1167 3377; x_wconf 87' lang='grc' dir='ltr'>τὸ</span> <span class='ocrx_word' id='word_1_227' title='bbox 1185 3333 1317 3392; x_wconf 83' lang='grc' dir='ltr'>γιγνόμενον</span> <span class='ocrx_word' id='word_1_228' title='bbox 1336 3332 1521 3396; x_wconf 81' lang='grc' dir='ltr'>πεπληρωκέναι·</span> 
     </span>
    </p>

    <p class='ocr_par' dir='ltr' id='par_1_7' title="bbox 428 3399 1591 4329">
     <span class='ocr_line' id='line_1_27' title="bbox 462 3399 1521 3471; baseline 0.004 -21"><span class='ocrx_word' id='word_1_229' title='bbox 462 3400 547 3451; x_wconf 72' lang='lat' dir='ltr'>*Sunt</span> <span class='ocrx_word' id='word_1_230' title='bbox 570 3404 673 3468; x_wconf 75' lang='grc' dir='ltr'>ἱστορίαι</span> <span class='ocrx_word' id='word_1_231' title='bbox 698 3399 739 3450; x_wconf 81' lang='lat' dir='ltr'>hic</span> <span class='ocrx_word' id='word_1_232' title='bbox 762 3400 851 3451; x_wconf 79' lang='lat' dir='ltr'>tabulae</span> <span class='ocrx_word' id='word_1_233' title='bbox 874 3401 962 3466; x_wconf 79' lang='lat' dir='ltr'>pictae3</span> <span class='ocrx_word' id='word_1_234' title='bbox 991 3423 1003 3447; x_wconf 77' lang='grc' dir='ltr'>ι</span> <span class='ocrx_word' id='word_1_235' title='bbox 1017 3403 1089 3454; x_wconf 77' lang='lat' dir='ltr'>officii</span> <span class='ocrx_word' id='word_1_236' title='bbox 1115 3404 1209 3454; x_wconf 78' lang='lat' dir='ltr'>debitas</span> <span class='ocrx_word' id='word_1_237' title='bbox 1235 3416 1318 3470; x_wconf 81' lang='lat' dir='ltr'><strong>partes</strong></span> <span class='ocrx_word' id='word_1_238' title='bbox 1340 3405 1521 3471; x_wconf 74' lang='lat' dir='ltr'><strong>implevisse3»</strong></span> 
     </span>
     <span class='ocr_line' id='line_1_28' title="bbox 428 3478 1591 3549; baseline 0.003 -20"><span class='ocrx_word' id='word_1_239' title='bbox 428 3478 514 3544; x_wconf 74' lang='lat' dir='ltr'>sicque</span> <span class='ocrx_word' id='word_1_240' title='bbox 529 3479 554 3529; x_wconf 85' lang='lat' dir='ltr'>id</span> <span class='ocrx_word' id='word_1_241' title='bbox 566 3494 656 3529; x_wconf 87' lang='lat' dir='ltr'><strong>nomen</strong></span> <span class='ocrx_word' id='word_1_242' title='bbox 680 3479 864 3545; x_wconf 83' lang='lat' dir='ltr'>intelligendum</span> <span class='ocrx_word' id='word_1_243' title='bbox 884 3496 910 3545; x_wconf 88' lang='lat' dir='ltr'>p.</span> <span class='ocrx_word' id='word_1_244' title='bbox 930 3483 960 3529; x_wconf 73' lang='grc' dir='ltr'>ἵε</span> <span class='ocrx_word' id='word_1_245' title='bbox 989 3482 1078 3531; x_wconf 77' lang='lat' dir='ltr'>collato</span> <span class='ocrx_word' id='word_1_246' title='bbox 1095 3483 1126 3532; x_wconf 88' lang='grc' dir='ltr'>Η.</span> <span class='ocrx_word' id='word_1_247' title='bbox 1141 3483 1258 3549; x_wconf 77' lang='lat' dir='ltr'>Stephani</span> <span class='ocrx_word' id='word_1_248' title='bbox 1272 3484 1397 3534; x_wconf 86' lang='lat' dir='ltr'>Thesauro</span> <span class='ocrx_word' id='word_1_249' title='bbox 1416 3499 1439 3533; x_wconf 86' lang='lat' dir='ltr'>v.</span> <span class='ocrx_word' id='word_1_250' title='bbox 1458 3487 1524 3540; x_wconf 85' lang='grc' dir='ltr'>Πλη-</span> <span class='ocrx_word' id='word_1_251' title='bbox 1575 3516 1591 3539; x_wconf 73' lang='grc'>,,</span> 
     </span>
     <span class='ocr_line' id='line_1_29' title="bbox 430 3561 1523 3628; baseline 0.005 -22"><span class='ocrx_word' id='word_1_252' title='bbox 430 3563 527 3616; x_wconf 82' lang='grc' dir='ltr'>σπη’λαις</span> <span class='ocrx_word' id='word_1_253' title='bbox 537 3566 576 3615; x_wconf 84' lang='grc' dir='ltr'>καὶ</span> <span class='ocrx_word' id='word_1_254' title='bbox 589 3563 703 3626; x_wconf 84' lang='grc' dir='ltr'>ἱστορίαις</span> <span class='ocrx_word' id='word_1_255' title='bbox 713 3562 827 3622; x_wconf 84' lang='grc' dir='ltr'>τῶνέμῶν</span> <span class='ocrx_word' id='word_1_256' title='bbox 839 3561 964 3627; x_wconf 85' lang='grc' dir='ltr'>ἀνδραγα-</span> <span class='ocrx_word' id='word_1_257' title='bbox 988 3565 1045 3628; x_wconf 86' lang='grc' dir='ltr'>ρόω.</span> <span class='ocrx_word' id='word_1_258' title='bbox 1074 3561 1226 3627; x_wconf 75' lang='grc' dir='ltr'>Νἱεερλιοευε</span> <span class='ocrx_word' id='word_1_259' title='bbox 1254 3563 1378 3612; x_wconf 84' lang='lat' dir='ltr'>Chumnus</span> <span class='ocrx_word' id='word_1_260' title='bbox 1406 3563 1430 3611; x_wconf 87' lang='lat' dir='ltr'>in</span> <span class='ocrx_word' id='word_1_261' title='bbox 1463 3563 1523 3611; x_wconf 80' lang='lat' dir='ltr'>meis</span> 
     </span>
     <span class='ocr_line' id='line_1_30' title="bbox 430 3636 1524 3706; baseline 0.003 -19"><span class='ocrx_word' id='word_1_262' title='bbox 430 3642 493 3687; x_wconf 81' lang='grc' dir='ltr'>θεῶν.</span> <span class='ocrx_word' id='word_1_263' title='bbox 517 3637 572 3686; x_wconf 76' lang='lat' dir='ltr'>Erit</span> <span class='ocrx_word' id='word_1_264' title='bbox 591 3641 690 3706; x_wconf 82' lang='grc' dir='ltr'>ἱστορεῖν</span> <span class='ocrx_word' id='word_1_265' title='bbox 710 3637 733 3685; x_wconf 83' lang='lat' dir='ltr'>in</span> <span class='ocrx_word' id='word_1_266' title='bbox 754 3652 827 3686; x_wconf 78' lang='lat' dir='ltr'>sensu</span> <span class='ocrx_word' id='word_1_267' title='bbox 846 3636 962 3701; x_wconf 81' lang='lat' dir='ltr'>pingendi</span> <span class='ocrx_word' id='word_1_268' title='bbox 989 3639 1084 3689; x_wconf 79' lang='lat' dir='ltr'><strong>Anecd.</strong></span> <span class='ocrx_word' id='word_1_269' title='bbox 1097 3640 1136 3691; x_wconf 83' lang='lat' dir='ltr'>Gr.</span> <span class='ocrx_word' id='word_1_270' title='bbox 1156 3650 1175 3689; x_wconf 81' lang='lat' dir='ltr'>t.</span> <span class='ocrx_word' id='word_1_271' title='bbox 1194 3640 1224 3700; x_wconf 85' lang='lat' dir='ltr'>V,</span> <span class='ocrx_word' id='word_1_272' title='bbox 1236 3657 1262 3705; x_wconf 88' lang='lat' dir='ltr'>p.</span> <span class='ocrx_word' id='word_1_273' title='bbox 1278 3644 1405 3693; x_wconf 77' lang='grc' dir='ltr'>328ιπάν</span> <span class='ocrx_word' id='word_1_274' title='bbox 1419 3642 1471 3692; x_wconf 83' lang='grc' dir='ltr'>ὅσον</span> <span class='ocrx_word' id='word_1_275' title='bbox 1482 3662 1524 3703; x_wconf 86' lang='grc' dir='ltr'>γι-</span> 
     </span>
     <span class='ocr_line' id='line_1_31' title="bbox 430 3713 1522 3787; baseline 0.002 -25"><span class='ocrx_word' id='word_1_276' title='bbox 430 3713 499 3763; x_wconf 84' lang='lat' dir='ltr'>Decl.</span> <span class='ocrx_word' id='word_1_277' title='bbox 511 3714 561 3773; x_wconf 93' lang='lat' dir='ltr'>llI,</span> <span class='ocrx_word' id='word_1_278' title='bbox 573 3721 718 3784; x_wconf 87' lang='grc' dir='ltr'>καθιστορεῖν</span> <span class='ocrx_word' id='word_1_279' title='bbox 731 3716 824 3779; x_wconf 76' lang='lat' dir='ltr'>pariter</span> <span class='ocrx_word' id='word_1_280' title='bbox 833 3716 924 3766; x_wconf 82' lang='lat' dir='ltr'>ibidem</span> <span class='ocrx_word' id='word_1_281' title='bbox 938 3727 963 3765; x_wconf 82' lang='lat' dir='ltr'>et</span> <span class='ocrx_word' id='word_1_282' title='bbox 990 3723 1095 3783; x_wconf 84' lang='grc' dir='ltr'>γνόμινόν</span> <span class='ocrx_word' id='word_1_283' title='bbox 1116 3720 1179 3768; x_wconf 72' lang='grc' dir='ltr'>ἐστιν</span> <span class='ocrx_word' id='word_1_284' title='bbox 1197 3718 1256 3786; x_wconf 80' lang='grc' dir='ltr'>ὑπὲρ</span> <span class='ocrx_word' id='word_1_285' title='bbox 1274 3720 1346 3776; x_wconf 78' lang='grc' dir='ltr'>αὐτῆς</span> <span class='ocrx_word' id='word_1_286' title='bbox 1361 3725 1522 3787; x_wconf 82' lang='grc' dir='ltr'>πράττουσαν.</span> 
     </span>
     <span class='ocr_line' id='line_1_32' title="bbox 433 3793 1359 3860; baseline 0.005 -18"><span class='ocrx_word' id='word_1_287' title='bbox 433 3797 535 3860; x_wconf 82' lang='grc' dir='ltr'>ἱστορία.</span> <span class='ocrx_word' id='word_1_288' title='bbox 548 3793 760 3858; x_wconf 73' lang='lat' dir='ltr'><strong>Quaesignificatio</strong></span> <span class='ocrx_word' id='word_1_289' title='bbox 770 3804 807 3843; x_wconf 85' lang='lat' dir='ltr'>est</span> <span class='ocrx_word' id='word_1_290' title='bbox 820 3794 908 3858; x_wconf 79' lang='lat' dir='ltr'><strong>linguae</strong></span> <span class='ocrx_word' id='word_1_291' title='bbox 919 3809 964 3843; x_wconf 84' lang='lat' dir='ltr'>re-</span> <span class='ocrx_word' id='word_1_292' title='bbox 990 3795 1105 3846; x_wconf 81' lang='lat' dir='ltr'><strong>Ibinota.</strong></span> <span class='ocrx_word' id='word_1_293' title='bbox 1357 3799 1359 3805; x_wconf 90' lang='lat'>&#39;</span> 
     </span>
     <span class='ocr_line' id='line_1_33' title="bbox 431 3868 1524 3939; baseline 0.005 -20"><span class='ocrx_word' id='word_1_294' title='bbox 431 3871 561 3932; x_wconf 81' lang='lat' dir='ltr'><strong>centioris,</strong></span> <span class='ocrx_word' id='word_1_295' title='bbox 587 3882 612 3921; x_wconf 86' lang='lat' dir='ltr'>et</span> <span class='ocrx_word' id='word_1_296' title='bbox 635 3872 660 3921; x_wconf 88' lang='lat' dir='ltr'>in</span> <span class='ocrx_word' id='word_1_297' title='bbox 690 3888 733 3921; x_wconf 84' lang='lat' dir='ltr'>ore</span> <span class='ocrx_word' id='word_1_298' title='bbox 761 3868 864 3921; x_wconf 76' lang='grc' dir='ltr'>οτεῖοτίε</span> <span class='ocrx_word' id='word_1_299' title='bbox 890 3872 963 3922; x_wconf 76' lang='lat' dir='ltr'><strong>Attici</strong></span> <span class='ocrx_word' id='word_1_300' title='bbox 1024 3875 1081 3924; x_wconf 83' lang='lat' dir='ltr'>³De</span> <span class='ocrx_word' id='word_1_301' title='bbox 1093 3875 1167 3925; x_wconf 82' lang='lat' dir='ltr'><strong>verbo</strong></span> <span class='ocrx_word' id='word_1_302' title='bbox 1180 3877 1282 3936; x_wconf 81' lang='grc' dir='ltr'>ἐλπίζειν</span> <span class='ocrx_word' id='word_1_303' title='bbox 1298 3874 1323 3923; x_wconf 83' lang='lat' dir='ltr'>in</span> <span class='ocrx_word' id='word_1_304' title='bbox 1342 3889 1416 3923; x_wconf 76' lang='lat' dir='ltr'>sensu</span> <span class='ocrx_word' id='word_1_305' title='bbox 1433 3889 1524 3939; x_wconf 75' lang='lat' dir='ltr'>exspe-</span> 
     </span>
     <span class='ocr_line' id='line_1_34' title="bbox 431 3950 1526 4035; baseline -0.004 -29"><span class='ocrx_word' id='word_1_306' title='bbox 431 3966 531 4016; x_wconf 67' lang='lat' dir='ltr'>prorsus</span> <span class='ocrx_word' id='word_1_307' title='bbox 545 3950 645 4035; x_wconf 51' lang='lat' dir='ltr'>qua·</span> <span class='ocrx_word' id='word_1_308' title='bbox 665 3951 835 4015; x_wconf 71' lang='lat' dir='ltr'><strong>Andreopulus</strong></span> <span class='ocrx_word' id='word_1_309' title='bbox 847 3950 963 4017; x_wconf 79' lang='lat' dir='ltr'>Syntipa‚</span> <span class='ocrx_word' id='word_1_310' title='bbox 991 3954 1072 4005; x_wconf 79' lang='lat' dir='ltr'>ctandi</span> <span class='ocrx_word' id='word_1_311' title='bbox 1082 3965 1108 4002; x_wconf 82' lang='lat' dir='ltr'>et</span> <span class='ocrx_word' id='word_1_312' title='bbox 1117 3953 1231 4018; x_wconf 80' lang='lat' dir='ltr'>sperandi</span> <span class='ocrx_word' id='word_1_313' title='bbox 1242 3953 1281 4003; x_wconf 77' lang='lat' dir='ltr'>vel</span> <span class='ocrx_word' id='word_1_314' title='bbox 1289 3968 1343 4003; x_wconf 89' lang='lat' dir='ltr'>cum</span> <span class='ocrx_word' id='word_1_315' title='bbox 1358 3961 1424 4000; x_wconf 76' lang='lat' dir='ltr'><strong>metu</strong></span> <span class='ocrx_word' id='word_1_316' title='bbox 1434 3967 1526 4002; x_wconf 78' lang='lat' dir='ltr'>mone-</span> 
     </span>
     <span class='ocr_line' id='line_1_35' title="bbox 432 4024 1524 4101; baseline 0.005 -24"><span class='ocrx_word' id='word_1_317' title='bbox 432 4046 458 4094; x_wconf 85' lang='lat' dir='ltr'>p.</span> <span class='ocrx_word' id='word_1_318' title='bbox 471 4033 503 4101; x_wconf 25' lang='lat'>7¹:</span> <span class='ocrx_word' id='word_1_319' title='bbox 517 4024 635 4097; x_wconf 72' lang='grc' dir='ltr'>ἱστόρηᾶεν</span> <span class='ocrx_word' id='word_1_320' title='bbox 648 4033 670 4080; x_wconf 84' lang='grc' dir='ltr'>ἐν</span> <span class='ocrx_word' id='word_1_321' title='bbox 684 4040 734 4088; x_wconf 85' lang='grc' dir='ltr'>τοῖς</span> <span class='ocrx_word' id='word_1_322' title='bbox 748 4038 838 4095; x_wconf 87' lang='grc' dir='ltr'>τοίχοις</span> <span class='ocrx_word' id='word_1_323' title='bbox 849 4038 891 4080; x_wconf 82' lang='grc' dir='ltr'>τοῦ</span> <span class='ocrx_word' id='word_1_324' title='bbox 901 4033 964 4084; x_wconf 79' lang='grc' dir='ltr'>οἴκου</span> <span class='ocrx_word' id='word_1_325' title='bbox 990 4033 1047 4083; x_wconf 83' lang='lat' dir='ltr'>bam</span> <span class='ocrx_word' id='word_1_326' title='bbox 1067 4032 1125 4083; x_wconf 80' lang='lat' dir='ltr'><strong>olim</strong></span> <span class='ocrx_word' id='word_1_327' title='bbox 1143 4031 1176 4081; x_wconf 80' lang='lat' dir='ltr'>ad</span> <span class='ocrx_word' id='word_1_328' title='bbox 1195 4031 1260 4080; x_wconf 84' lang='lat' dir='ltr'>hunc</span> <span class='ocrx_word' id='word_1_329' title='bbox 1273 4031 1357 4080; x_wconf 81' lang='lat' dir='ltr'><strong>locum</strong></span> <span class='ocrx_word' id='word_1_330' title='bbox 1372 4030 1465 4080; x_wconf 74' lang='lat' dir='ltr'><strong>Anecd.</strong></span> <span class='ocrx_word' id='word_1_331' title='bbox 1480 4030 1524 4082; x_wconf 83' lang='lat' dir='ltr'>Gr.</span> 
     </span>
     <span class='ocr_line' id='line_1_36' title="bbox 432 4108 1523 4175; baseline 0.002 -17"><span class='ocrx_word' id='word_1_332' title='bbox 432 4109 474 4158; x_wconf 81' lang='grc' dir='ltr'>ὅσοι</span> <span class='ocrx_word' id='word_1_333' title='bbox 487 4110 583 4169; x_wconf 81' lang='grc' dir='ltr'>διδάξαι</span> <span class='ocrx_word' id='word_1_334' title='bbox 599 4117 638 4161; x_wconf 84' lang='grc' dir='ltr'>τόν</span> <span class='ocrx_word' id='word_1_335' title='bbox 649 4111 727 4161; x_wconf 77' lang='grc' dir='ltr'>παῖδα</span> <span class='ocrx_word' id='word_1_336' title='bbox 741 4110 863 4174; x_wconf 85' lang='grc' dir='ltr'>ἔμιλλε....</span> <span class='ocrx_word' id='word_1_337' title='bbox 881 4112 922 4168; x_wconf 80' lang='grc' dir='ltr'>ἕως</span> <span class='ocrx_word' id='word_1_338' title='bbox 937 4113 964 4160; x_wconf 81' lang='grc' dir='ltr'>ἂν</span> <span class='ocrx_word' id='word_1_339' title='bbox 991 4121 1010 4159; x_wconf 77' lang='lat'>2.</span> <span class='ocrx_word' id='word_1_340' title='bbox 1029 4110 1059 4171; x_wconf 82' lang='lat' dir='ltr'>V,</span> <span class='ocrx_word' id='word_1_341' title='bbox 1075 4126 1100 4175; x_wconf 87' lang='lat' dir='ltr'>p.</span> <span class='ocrx_word' id='word_1_342' title='bbox 1126 4113 1182 4158; x_wconf 70' lang='lat'>367.</span> <span class='ocrx_word' id='word_1_343' title='bbox 1201 4108 1270 4158; x_wconf 75' lang='lat' dir='ltr'>Adde</span> <span class='ocrx_word' id='word_1_344' title='bbox 1286 4108 1362 4158; x_wconf 84' lang='lat' dir='ltr'><strong>Wolf.</strong></span> <span class='ocrx_word' id='word_1_345' title='bbox 1381 4108 1411 4157; x_wconf 82' lang='lat' dir='ltr'>ad</span> <span class='ocrx_word' id='word_1_346' title='bbox 1426 4110 1523 4174; x_wconf 82' lang='lat' dir='ltr'><strong>Leptin.</strong></span> 
     </span>
     <span class='ocr_line' id='line_1_37' title="bbox 432 4186 1525 4258; baseline 0.004 -24"><span class='ocrx_word' id='word_1_347' title='bbox 432 4190 506 4244; x_wconf 78' lang='grc' dir='ltr'>καλῶς</span> <span class='ocrx_word' id='word_1_348' title='bbox 516 4190 616 4257; x_wconf 77' lang='grc' dir='ltr'>ἐκμάθῃς</span> <span class='ocrx_word' id='word_1_349' title='bbox 627 4189 669 4240; x_wconf 80' lang='grc' dir='ltr'>ὅσοι</span> <span class='ocrx_word' id='word_1_350' title='bbox 682 4193 804 4258; x_wconf 79' lang='grc' dir='ltr'>ἱστόρηται</span> <span class='ocrx_word' id='word_1_351' title='bbox 815 4191 837 4239; x_wconf 76' lang='grc' dir='ltr'>ἓν</span> <span class='ocrx_word' id='word_1_352' title='bbox 849 4199 898 4247; x_wconf 80' lang='grc' dir='ltr'>τοῖς</span> <span class='ocrx_word' id='word_1_353' title='bbox 911 4198 964 4240; x_wconf 80' lang='grc' dir='ltr'>σοι’-</span> <span class='ocrx_word' id='word_1_354' title='bbox 991 4187 1008 4252; x_wconf 81' lang='lat'>§</span> <span class='ocrx_word' id='word_1_355' title='bbox 1022 4189 1083 4249; x_wconf 75' lang='lat'>140,</span> <span class='ocrx_word' id='word_1_356' title='bbox 1100 4197 1125 4236; x_wconf 83' lang='lat' dir='ltr'>et</span> <span class='ocrx_word' id='word_1_357' title='bbox 1136 4186 1257 4237; x_wconf 82' lang='lat' dir='ltr'><strong>Buchner.</strong></span> <span class='ocrx_word' id='word_1_358' title='bbox 1272 4187 1303 4236; x_wconf 85' lang='lat' dir='ltr'>ad</span> <span class='ocrx_word' id='word_1_359' title='bbox 1316 4187 1396 4237; x_wconf 81' lang='lat' dir='ltr'>Cicer.</span> <span class='ocrx_word' id='word_1_360' title='bbox 1413 4189 1459 4238; x_wconf 87' lang='lat' dir='ltr'>Pro</span> <span class='ocrx_word' id='word_1_361' title='bbox 1472 4188 1525 4238; x_wconf 72' lang='lat' dir='ltr'>Ro-</span> 
     </span>
     <span class='ocr_line' id='line_1_38' title="bbox 432 4265 1167 4329; baseline -0.001 -15"><span class='ocrx_word' id='word_1_362' title='bbox 432 4284 491 4327; x_wconf 86' lang='grc' dir='ltr'>χοις.</span> <span class='ocrx_word' id='word_1_363' title='bbox 991 4266 1042 4314; x_wconf 81' lang='lat' dir='ltr'><strong>scio</strong></span> <span class='ocrx_word' id='word_1_364' title='bbox 1053 4302 1059 4323; x_wconf 89' lang='lat'><strong>‚</strong></span> <span class='ocrx_word' id='word_1_365' title='bbox 1071 4282 1099 4329; x_wconf 79' lang='lat' dir='ltr'>P.·.</span> <span class='ocrx_word' id='word_1_366' title='bbox 1113 4265 1167 4313; x_wconf 73' lang='lat' dir='ltr'>r59.</span> 
     </span>
    </p>

    <p class='ocr_par' dir='ltr' id='par_1_8' title="bbox 466 4338 1525 4415">
     <span class='ocr_line' id='line_1_39' title="bbox 466 4338 1525 4415; baseline 0.005 -24"><span class='ocrx_word' id='word_1_367' title='bbox 466 4340 570 4410; x_wconf 75' lang='grc' dir='ltr'>’Τέρψιν</span> <span class='ocrx_word' id='word_1_368' title='bbox 592 4354 634 4401; x_wconf 85' lang='grc' dir='ltr'>τὴν</span> <span class='ocrx_word' id='word_1_369' title='bbox 652 4345 798 4411; x_wconf 77' lang='grc' dir='ltr'>γιγνομένην]</span> <span class='ocrx_word' id='word_1_370' title='bbox 818 4345 907 4406; x_wconf 77' lang='lat' dir='ltr'><strong>idest,</strong></span> <span class='ocrx_word' id='word_1_371' title='bbox 923 4352 965 4400; x_wconf 81' lang='grc' dir='ltr'>τὴν</span> <span class='ocrx_word' id='word_1_372' title='bbox 1025 4338 1187 4403; x_wconf 53' lang='grc' dir='ltr'>’δολιολιςτὸ</span> <span class='ocrx_word' id='word_1_373' title='bbox 1206 4339 1239 4406; x_wconf 68' lang='grc' dir='ltr'>μη</span> <span class='ocrx_word' id='word_1_374' title='bbox 1255 4346 1404 4415; x_wconf 77' lang='grc' dir='ltr'>ἀντιστρέφει</span> <span class='ocrx_word' id='word_1_375' title='bbox 1418 4347 1471 4397; x_wconf 79' lang='grc' dir='ltr'>οἰντί</span> <span class='ocrx_word' id='word_1_376' title='bbox 1485 4357 1525 4403; x_wconf 82' lang='grc' dir='ltr'>τῆς</span> 
     </span>
    </p>
   </div>
   <div class='ocr_carea' id='block_1_2' title="bbox 433 4423 1238 4489">
    <p class='ocr_par' dir='ltr' id='par_1_9' title="bbox 433 4423 1238 4489">
     <span class='ocr_line' id='line_1_40' title="bbox 433 4423 1238 4489; baseline -0.001 -18"><span class='ocrx_word' id='word_1_377' title='bbox 433 4429 598 4489; x_wconf 81' lang='grc' dir='ltr'>προςήκονσαν.</span> <span class='ocrx_word' id='word_1_378' title='bbox 618 4423 658 4473; x_wconf 82' lang='lat' dir='ltr'>Sic</span> <span class='ocrx_word' id='word_1_379' title='bbox 676 4425 785 4474; x_wconf 78' lang='lat' dir='ltr'><strong>Declam.</strong></span> <span class='ocrx_word' id='word_1_380' title='bbox 804 4424 825 4472; x_wconf 82' lang='lat' dir='ltr'>H</span> <span class='ocrx_word' id='word_1_381' title='bbox 840 4444 846 4472; x_wconf 74' lang='grc' dir='ltr'>ι</span> <span class='ocrx_word' id='word_1_382' title='bbox 861 4434 902 4481; x_wconf 82' lang='grc' dir='ltr'>τὴν</span> <span class='ocrx_word' id='word_1_383' title='bbox 924 4444 965 4486; x_wconf 80' lang='grc' dir='ltr'>γι·</span> <span class='ocrx_word' id='word_1_384' title='bbox 993 4426 1090 4478; x_wconf 82' lang='grc' dir='ltr'>πιθανῆς</span> <span class='ocrx_word' id='word_1_385' title='bbox 1104 4424 1238 4486; x_wconf 74' lang='grc' dir='ltr'>ἀπολογίας.</span> 
     </span>
    </p>
   </div>
   <div class='ocr_carea' id='block_1_3' title="bbox 0 0 1871 5659">
    <p class='ocr_par' dir='ltr' id='par_1_10' title="bbox 0 0 1871 5659">
     <span class='ocr_line' id='line_1_41' title="bbox 0 0 1871 5659; baseline 0 0"><span class='ocrx_word' id='word_1_386' title='bbox 0 0 1871 5659; x_wconf 95' lang='lat' dir='ltr'> </span> 
     </span>
    </p>
   </div>
  </div>
 </body>
</html>
