<?xml version="1.0" encoding="UTF-8"?>
<!DOCTYPE html PUBLIC "-//W3C//DTD XHTML 1.0 Transitional//EN"
    "http://www.w3.org/TR/xhtml1/DTD/xhtml1-transitional.dtd">
<html xmlns="http://www.w3.org/1999/xhtml" xml:lang="en" lang="en">
 <head>
  <title>
</title>
<meta http-equiv="Content-Type" content="text/html;charset=utf-8" />
  <meta name='ocr-system' content='tesseract 3.04.00' />
  <meta name='ocr-capabilities' content='ocr_page ocr_carea ocr_par ocr_line ocrx_word'/>
</head>
<body>
  <div class='ocr_page' id='page_1' title='image "./gpachymerisdecl00hiergoog_0342.png"; bbox 0 0 3684 5659; ppageno 0'>
   <div class='ocr_carea' id='block_1_1' title="bbox 461 628 1553 1339">
    <p class='ocr_par' dir='ltr' id='par_1_1' title="bbox 461 628 1553 1059">
     <span class='ocr_line' id='line_1_1' title="bbox 463 628 1104 700; baseline -0.014 -3"><span class='ocrx_word' id='word_1_1' title='bbox 463 628 535 700; x_wconf 77' lang='lat' dir='ltr'><strong>3lss</strong></span> <span class='ocrx_word' id='word_1_2' title='bbox 912 629 1104 693; x_wconf 83' lang='grc' dir='ltr'>ΙΕΡΟΚΛΙΙΣ</span> 
     </span>
     <span class='ocr_line' id='line_1_2' title="bbox 462 764 1552 860; baseline 0.002 -29"><span class='ocrx_word' id='word_1_3' title='bbox 462 768 506 840; x_wconf 72' lang='grc' dir='ltr'><strong>ὅτι</strong></span> <span class='ocrx_word' id='word_1_4' title='bbox 523 769 543 838; x_wconf 79' lang='grc' dir='ltr'>ἡ</span> <span class='ocrx_word' id='word_1_5' title='bbox 562 765 698 859; x_wconf 68' lang='grc' dir='ltr'>σταφυλή</span> <span class='ocrx_word' id='word_1_6' title='bbox 716 791 774 853; x_wconf 88' lang='grc' dir='ltr'><strong>μου</strong></span> <span class='ocrx_word' id='word_1_7' title='bbox 791 764 904 837; x_wconf 66' lang='lat' dir='ltr'><strong>navidis</strong></span> <span class='ocrx_word' id='word_1_8' title='bbox 920 764 950 829; x_wconf 71' lang='grc' dir='ltr'><strong>»ζ</strong></span> <span class='ocrx_word' id='word_1_9' title='bbox 969 768 1028 830; x_wconf 79' lang='grc' dir='ltr'><strong>Καὶ</strong></span> <span class='ocrx_word' id='word_1_10' title='bbox 1046 765 1191 854; x_wconf 79' lang='grc' dir='ltr'>χανόντος</span> <span class='ocrx_word' id='word_1_11' title='bbox 1209 765 1224 828; x_wconf 88' lang='grc' dir='ltr'>ὁ</span> <span class='ocrx_word' id='word_1_12' title='bbox 1242 765 1347 856; x_wconf 84' lang='grc' dir='ltr'>ἰατρὸς</span> <span class='ocrx_word' id='word_1_13' title='bbox 1364 767 1552 860; x_wconf 60' lang='grc' dir='ltr'>ἀποστρεφόν</span> 
     </span>
     <span class='ocr_line' id='line_1_3' title="bbox 461 874 1553 967; baseline 0 -25"><span class='ocrx_word' id='word_1_14' title='bbox 461 902 547 963; x_wconf 85' lang='grc' dir='ltr'>μενος</span> <span class='ocrx_word' id='word_1_15' title='bbox 567 877 668 967; x_wconf 63' lang='grc' dir='ltr'><strong>ἑΙεγε·</strong></span> <span class='ocrx_word' id='word_1_16' title='bbox 688 875 800 965; x_wconf 82' lang='grc' dir='ltr'>«Οὐχὶ</span> <span class='ocrx_word' id='word_1_17' title='bbox 820 879 839 948; x_wconf 80' lang='grc' dir='ltr'>ἡ</span> <span class='ocrx_word' id='word_1_18' title='bbox 856 876 993 967; x_wconf 76' lang='grc' dir='ltr'>σταφυλή</span> <span class='ocrx_word' id='word_1_19' title='bbox 1013 901 1068 940; x_wconf 90' lang='grc' dir='ltr'>σον</span> <span class='ocrx_word' id='word_1_20' title='bbox 1090 874 1222 960; x_wconf 65' lang='grc' dir='ltr'>κατέὲη,</span> <span class='ocrx_word' id='word_1_21' title='bbox 1242 874 1321 941; x_wconf 81' lang='grc' dir='ltr'><strong><em>ἀλλὰ</em></strong></span> <span class='ocrx_word' id='word_1_22' title='bbox 1339 875 1354 939; x_wconf 84' lang='grc' dir='ltr'>ὁ</span> <span class='ocrx_word' id='word_1_23' title='bbox 1372 876 1470 952; x_wconf 83' lang='grc' dir='ltr'><strong>κῶΙός</strong></span> <span class='ocrx_word' id='word_1_24' title='bbox 1486 876 1553 942; x_wconf 74' lang='grc' dir='ltr'><strong>σον1</strong></span> 
     </span>
     <span class='ocr_line' id='line_1_4' title="bbox 461 985 596 1059; baseline -0.015 -7"><span class='ocrx_word' id='word_1_25' title='bbox 461 985 552 1059; x_wconf 67' lang='grc' dir='ltr'>οἱνέὸη</span> <span class='ocrx_word' id='word_1_26' title='bbox 567 1012 596 1050; x_wconf 87' lang='grc' dir='ltr'>ν.</span> 
     </span>
    </p>

    <p class='ocr_par' dir='ltr' id='par_1_2' title="bbox 461 1118 1552 1339">
     <span class='ocr_line' id='line_1_5' title="bbox 510 1118 1552 1227; baseline 0.003 -26"><span class='ocrx_word' id='word_1_27' title='bbox 510 1127 588 1205; x_wconf 64' lang='lat' dir='ltr'><strong>olc&#39;.</strong></span> <span class='ocrx_word' id='word_1_28' title='bbox 621 1118 813 1223; x_wconf 69' lang='grc' dir='ltr'>(Ιζόστομος’</span> <span class='ocrx_word' id='word_1_29' title='bbox 840 1138 873 1201; x_wconf 83' lang='grc' dir='ltr'><strong>τὸ</strong></span> <span class='ocrx_word' id='word_1_30' title='bbox 901 1135 1002 1201; x_wconf 87' lang='grc' dir='ltr'>τέκνον</span> <span class='ocrx_word' id='word_1_31' title='bbox 1033 1135 1126 1200; x_wconf 77' lang='grc' dir='ltr'>αὐτοῦ</span> <span class='ocrx_word' id='word_1_32' title='bbox 1154 1135 1344 1221; x_wconf 76' lang='grc' dir='ltr'>κολακεύων,</span> <span class='ocrx_word' id='word_1_33' title='bbox 1376 1140 1552 1227; x_wconf 83' lang='grc' dir='ltr'>μασώμενος</span> 
     </span>
     <span class='ocr_line' id='line_1_6' title="bbox 461 1243 1547 1339; baseline 0.001 -26"><span class='ocrx_word' id='word_1_34' title='bbox 461 1246 695 1337; x_wconf 68' lang='grc' dir='ltr'>ἑνεέμωμοίτιζεν</span> <span class='ocrx_word' id='word_1_35' title='bbox 720 1247 807 1311; x_wconf 80' lang='grc' dir='ltr'>αὐτό.</span> <span class='ocrx_word' id='word_1_36' title='bbox 829 1249 868 1311; x_wconf 86' lang='grc' dir='ltr'><strong>Τὸ</strong></span> <span class='ocrx_word' id='word_1_37' title='bbox 896 1243 929 1310; x_wconf 75' lang='lat' dir='ltr'><strong>d&#39;e</strong></span> <span class='ocrx_word' id='word_1_38' title='bbox 952 1248 1209 1336; x_wconf 68' lang='grc' dir='ltr'>ἀποστρεφόμενον</span> <span class='ocrx_word' id='word_1_39' title='bbox 1227 1247 1344 1339; x_wconf 70' lang='grc' dir='ltr'>ἔλεγεν·</span> <span class='ocrx_word' id='word_1_40' title='bbox 1368 1274 1383 1306; x_wconf 82' lang='lat' dir='ltr'><strong>n</strong></span> <span class='ocrx_word' id='word_1_41' title='bbox 1398 1249 1442 1313; x_wconf 84' lang='grc' dir='ltr'><strong>Οὐ</strong></span> <span class='ocrx_word' id='word_1_42' title='bbox 1461 1249 1547 1315; x_wconf 78' lang='grc' dir='ltr'><em>θέλω·</em></span> 
     </span>
    </p>
   </div>
   <div class='ocr_carea' id='block_1_2' title="bbox 458 1356 720 1438">
    <p class='ocr_par' dir='ltr' id='par_1_3' title="bbox 458 1356 720 1438">
     <span class='ocr_line' id='line_1_7' title="bbox 458 1356 720 1438; baseline -0.008 -16"><span class='ocrx_word' id='word_1_43' title='bbox 458 1361 559 1438; x_wconf 67' lang='lat' dir='ltr'><strong>rard,</strong></span> <span class='ocrx_word' id='word_1_44' title='bbox 580 1356 679 1423; x_wconf 70' lang='grc' dir='ltr'><strong>κακοὶ8</strong></span> <span class='ocrx_word' id='word_1_45' title='bbox 694 1384 720 1420; x_wconf 78' lang='grc' dir='ltr'>ν,</span> 
     </span>
    </p>
   </div>
   <div class='ocr_carea' id='block_1_3' title="bbox 508 1489 1548 1603">
    <p class='ocr_par' dir='ltr' id='par_1_4' title="bbox 508 1489 1548 1603">
     <span class='ocr_line' id='line_1_8' title="bbox 508 1489 1548 1603; baseline 0.008 -33"><span class='ocrx_word' id='word_1_46' title='bbox 508 1497 584 1582; x_wconf 52' lang='grc' dir='ltr'>σλζΙ.</span> <span class='ocrx_word' id='word_1_47' title='bbox 611 1489 803 1596; x_wconf 63' lang='grc' dir='ltr'>όζόστομος*</span> <span class='ocrx_word' id='word_1_48' title='bbox 821 1505 1015 1575; x_wconf 68' lang='grc' dir='ltr'><strong>λονκοίνικον5</strong></span> <span class='ocrx_word' id='word_1_49' title='bbox 1032 1504 1157 1594; x_wconf 56' lang='grc' dir='ltr'>ὀπτῶνθ,</span> <span class='ocrx_word' id='word_1_50' title='bbox 1178 1512 1229 1574; x_wconf 80' lang='grc' dir='ltr'><strong>καὶ</strong></span> <span class='ocrx_word' id='word_1_51' title='bbox 1249 1509 1295 1575; x_wconf 79' lang='grc' dir='ltr'><strong>ἐπὶ</strong></span> <span class='ocrx_word' id='word_1_52' title='bbox 1318 1510 1396 1575; x_wconf 81' lang='grc' dir='ltr'>πολὺ</span> <span class='ocrx_word' id='word_1_53' title='bbox 1416 1535 1548 1603; x_wconf 58' lang='grc' dir='ltr'>προσφνν</span> 
     </span>
    </p>
   </div>
   <div class='ocr_carea' id='block_1_4' title="bbox 456 1714 1549 1859">
    <p class='ocr_par' dir='ltr' id='par_1_5' title="bbox 456 1714 1549 1859">
     <span class='ocr_line' id='line_1_9' title="bbox 491 1714 1549 1782; baseline 0.005 -20"><span class='ocrx_word' id='word_1_54' title='bbox 491 1714 499 1739; x_wconf 87' lang='lat'>¹</span> <span class='ocrx_word' id='word_1_55' title='bbox 512 1714 615 1781; x_wconf 87' lang='lat' dir='ltr'><strong>Scripsit</strong></span> <span class='ocrx_word' id='word_1_56' title='bbox 627 1723 707 1773; x_wconf 78' lang='grc' dir='ltr'>Μηνᾶς</span> <span class='ocrx_word' id='word_1_57' title='bbox 721 1723 746 1766; x_wconf 81' lang='grc' dir='ltr'><strong>τὸ</strong></span> <span class='ocrx_word' id='word_1_58' title='bbox 761 1721 832 1765; x_wconf 67' lang='grc' dir='ltr'>κῶλον</span> <span class='ocrx_word' id='word_1_59' title='bbox 850 1736 904 1774; x_wconf 84' lang='grc' dir='ltr'>σου,</span> <span class='ocrx_word' id='word_1_60' title='bbox 918 1716 990 1765; x_wconf 88' lang='lat' dir='ltr'><strong>simul</strong></span> <span class='ocrx_word' id='word_1_61' title='bbox 1018 1715 1129 1766; x_wconf 82' lang='lat' dir='ltr'><strong>infantuli</strong></span> <span class='ocrx_word' id='word_1_62' title='bbox 1144 1716 1220 1766; x_wconf 85' lang='lat' dir='ltr'><strong>Graeci</strong></span> <span class='ocrx_word' id='word_1_63' title='bbox 1237 1726 1370 1781; x_wconf 85' lang='lat' dir='ltr'><strong>usurpant,</strong></span> <span class='ocrx_word' id='word_1_64' title='bbox 1384 1726 1447 1766; x_wconf 88' lang='lat' dir='ltr'><strong>teste</strong></span> <span class='ocrx_word' id='word_1_65' title='bbox 1460 1716 1549 1782; x_wconf 71' lang='lat' dir='ltr'><strong>Curare</strong></span> 
     </span>
     <span class='ocr_line' id='line_1_10' title="bbox 456 1792 1548 1859; baseline 0.004 -17"><span class='ocrx_word' id='word_1_66' title='bbox 456 1809 558 1842; x_wconf 86' lang='lat' dir='ltr'><strong>niouens</strong></span> <span class='ocrx_word' id='word_1_67' title='bbox 570 1795 657 1843; x_wconf 86' lang='lat' dir='ltr'><strong>esseio</strong></span> <span class='ocrx_word' id='word_1_68' title='bbox 668 1795 721 1859; x_wconf 91' lang='lat' dir='ltr'><strong>ipso</strong></span> <span class='ocrx_word' id='word_1_69' title='bbox 734 1796 819 1845; x_wconf 91' lang='lat' dir='ltr'><strong>codice</strong></span> <span class='ocrx_word' id='word_1_70' title='bbox 833 1799 844 1845; x_wconf 80' lang='grc' dir='ltr'><strong>ὁ</strong></span> <span class='ocrx_word' id='word_1_71' title='bbox 859 1800 924 1851; x_wconf 68' lang='grc' dir='ltr'>κάλος</span> <span class='ocrx_word' id='word_1_72' title='bbox 937 1814 987 1845; x_wconf 83' lang='grc' dir='ltr'>σου.</span> <span class='ocrx_word' id='word_1_73' title='bbox 1016 1792 1047 1842; x_wconf 87' lang='lat' dir='ltr'><strong>ad</strong></span> <span class='ocrx_word' id='word_1_74' title='bbox 1060 1792 1123 1843; x_wconf 84' lang='lat' dir='ltr'><strong>Plut.</strong></span> <span class='ocrx_word' id='word_1_75' title='bbox 1143 1803 1162 1842; x_wconf 92' lang='lat' dir='ltr'><strong>t.</strong></span> <span class='ocrx_word' id='word_1_76' title='bbox 1175 1794 1224 1854; x_wconf 86' lang='grc' dir='ltr'>ΙΙΙ,</span> <span class='ocrx_word' id='word_1_77' title='bbox 1242 1810 1299 1859; x_wconf 89' lang='lat' dir='ltr'><strong>pag.</strong></span> <span class='ocrx_word' id='word_1_78' title='bbox 1316 1792 1344 1844; x_wconf 76' lang='lat' dir='ltr'><strong>i&#39;:</strong></span> <span class='ocrx_word' id='word_1_79' title='bbox 1355 1803 1383 1845; x_wconf 80' lang='grc' dir='ltr'><strong>τὸ</strong></span> <span class='ocrx_word' id='word_1_80' title='bbox 1402 1796 1548 1852; x_wconf 72' lang='grc' dir='ltr'>πληθυντικὸν</span> 
     </span>
    </p>
   </div>
   <div class='ocr_carea' id='block_1_5' title="bbox 441 1949 1548 4516">
    <p class='ocr_par' dir='ltr' id='par_1_6' title="bbox 441 1949 1548 4516">
     <span class='ocr_line' id='line_1_11' title="bbox 456 1949 1547 2015; baseline 0.004 -19"><span class='ocrx_word' id='word_1_81' title='bbox 456 1949 523 1997; x_wconf 88' lang='lat' dir='ltr'><strong>tima.</strong></span> <span class='ocrx_word' id='word_1_82' title='bbox 540 1949 589 1998; x_wconf 84' lang='lat' dir='ltr'><strong>Sed</strong></span> <span class='ocrx_word' id='word_1_83' title='bbox 604 1949 672 1999; x_wconf 88' lang='lat' dir='ltr'><strong>multi</strong></span> <span class='ocrx_word' id='word_1_84' title='bbox 688 1960 786 1999; x_wconf 87' lang='lat' dir='ltr'><strong>utuntur</strong></span> <span class='ocrx_word' id='word_1_85' title='bbox 799 1951 882 2010; x_wconf 84' lang='lat' dir='ltr'><strong>brevi,</strong></span> <span class='ocrx_word' id='word_1_86' title='bbox 894 1951 933 2000; x_wconf 90' lang='lat' dir='ltr'><strong>vel</strong></span> <span class='ocrx_word' id='word_1_87' title='bbox 945 1966 989 2000; x_wconf 91' lang='lat' dir='ltr'><strong>ne·</strong></span> <span class='ocrx_word' id='word_1_88' title='bbox 1015 1959 1114 2015; x_wconf 82' lang='grc' dir='ltr'>σήμερον</span> <span class='ocrx_word' id='word_1_89' title='bbox 1124 1969 1135 1995; x_wconf 78' lang='lat' dir='ltr'><strong>s</strong></span> <span class='ocrx_word' id='word_1_90' title='bbox 1147 1958 1221 2001; x_wconf 75' lang='grc' dir='ltr'>κακκά</span> <span class='ocrx_word' id='word_1_91' title='bbox 1233 1970 1255 2000; x_wconf 71' lang='grc' dir='ltr'>ν.</span> <span class='ocrx_word' id='word_1_92' title='bbox 1267 1951 1330 2014; x_wconf 77' lang='lat' dir='ltr'><strong>Ergo</strong></span> <span class='ocrx_word' id='word_1_93' title='bbox 1343 1954 1473 2002; x_wconf 82' lang='lat' dir='ltr'>verterim:</span> <span class='ocrx_word' id='word_1_94' title='bbox 1485 1969 1547 2002; x_wconf 70' lang='lat' dir='ltr'><strong>annu</strong></span> 
     </span>
     <span class='ocr_line' id='line_1_12' title="bbox 455 2027 1545 2093; baseline 0.006 -19"><span class='ocrx_word' id='word_1_95' title='bbox 455 2027 583 2090; x_wconf 85' lang='lat' dir='ltr'><strong>gligentia,</strong></span> <span class='ocrx_word' id='word_1_96' title='bbox 601 2029 638 2076; x_wconf 87' lang='lat' dir='ltr'><strong>vel</strong></span> <span class='ocrx_word' id='word_1_97' title='bbox 653 2027 793 2093; x_wconf 78' lang='lat' dir='ltr'><strong>quantitatis</strong></span> <span class='ocrx_word' id='word_1_98' title='bbox 807 2030 882 2085; x_wconf 85' lang='lat' dir='ltr'><strong>nescii</strong></span> <span class='ocrx_word' id='word_1_99' title='bbox 895 2039 920 2077; x_wconf 90' lang='lat' dir='ltr'><strong>et</strong></span> <span class='ocrx_word' id='word_1_100' title='bbox 932 2045 988 2092; x_wconf 87' lang='lat' dir='ltr'><strong>pro·</strong></span> <span class='ocrx_word' id='word_1_101' title='bbox 1014 2028 1078 2076; x_wconf 83' lang='lat' dir='ltr'><strong>volo.</strong></span> <span class='ocrx_word' id='word_1_102' title='bbox 1091 2028 1168 2090; x_wconf 86' lang='lat' dir='ltr'><strong>Tata,</strong></span> <span class='ocrx_word' id='word_1_103' title='bbox 1184 2044 1243 2085; x_wconf 85' lang='lat' dir='ltr'><strong>caca</strong></span> <span class='ocrx_word' id='word_1_104' title='bbox 1254 2032 1282 2078; x_wconf 78' lang='lat' dir='ltr'><strong>»l</strong></span> <span class='ocrx_word' id='word_1_105' title='bbox 1301 2029 1335 2079; x_wconf 82' lang='lat' dir='ltr'><strong>lle</strong></span> <span class='ocrx_word' id='word_1_106' title='bbox 1348 2031 1450 2080; x_wconf 84' lang='lat' dir='ltr'><strong>latino«</strong></span> <span class='ocrx_word' id='word_1_107' title='bbox 1465 2046 1521 2083; x_wconf 87' lang='lat' dir='ltr'><strong>caca</strong></span> <span class='ocrx_word' id='word_1_108' title='bbox 1534 2049 1545 2076; x_wconf 76' lang='lat' dir='ltr'><strong>i</strong></span> 
     </span>
     <span class='ocr_line' id='line_1_13' title="bbox 454 2105 1548 2171; baseline 0.003 -19"><span class='ocrx_word' id='word_1_109' title='bbox 454 2105 610 2164; x_wconf 78' lang='lat' dir='ltr'><strong>nuntiatione</strong></span> <span class='ocrx_word' id='word_1_110' title='bbox 625 2106 732 2170; x_wconf 88' lang='lat' dir='ltr'><strong>decepti.</strong></span> <span class='ocrx_word' id='word_1_111' title='bbox 748 2107 844 2157; x_wconf 87' lang='lat' dir='ltr'><strong>Corona</strong></span> <span class='ocrx_word' id='word_1_112' title='bbox 858 2108 984 2157; x_wconf 81' lang='lat' dir='ltr'><strong>Pretiosa:</strong></span> <span class='ocrx_word' id='word_1_113' title='bbox 1016 2106 1069 2171; x_wconf 84' lang='lat' dir='ltr'><strong>quis</strong></span> <span class='ocrx_word' id='word_1_114' title='bbox 1080 2106 1277 2157; x_wconf 76' lang='lat' dir='ltr'><strong>dubitavei·it?Si</strong></span> <span class='ocrx_word' id='word_1_115' title='bbox 1292 2117 1375 2160; x_wconf 83' lang='lat' dir='ltr'><strong>autem</strong></span> <span class='ocrx_word' id='word_1_116' title='bbox 1387 2123 1476 2158; x_wconf 90' lang='lat' dir='ltr'><strong>censor</strong></span> <span class='ocrx_word' id='word_1_117' title='bbox 1487 2109 1548 2158; x_wconf 88' lang='lat' dir='ltr'><strong>deli-</strong></span> 
     </span>
     <span class='ocr_line' id='line_1_14' title="bbox 456 2176 1546 2251; baseline 0.007 -24"><span class='ocrx_word' id='word_1_118' title='bbox 456 2183 551 2244; x_wconf 79' lang='lat' dir='ltr'><strong>«culo‚</strong></span> <span class='ocrx_word' id='word_1_119' title='bbox 569 2189 632 2242; x_wconf 64' lang='grc' dir='ltr'>κάλος</span> <span class='ocrx_word' id='word_1_120' title='bbox 646 2203 668 2233; x_wconf 77' lang='grc' dir='ltr'>ν.</span> <span class='ocrx_word' id='word_1_121' title='bbox 685 2184 746 2234; x_wconf 91' lang='lat' dir='ltr'><strong>Vide</strong></span> <span class='ocrx_word' id='word_1_122' title='bbox 764 2184 886 2250; x_wconf 87' lang='lat' dir='ltr'><strong>Coruyum</strong></span> <span class='ocrx_word' id='word_1_123' title='bbox 900 2181 943 2237; x_wconf 78' lang='lat' dir='ltr'><strong>&#39;Ar-</strong></span> <span class='ocrx_word' id='word_1_124' title='bbox 958 2189 988 2245; x_wconf 86' lang='grc' dir='ltr'><strong>Ι,</strong></span> <span class='ocrx_word' id='word_1_125' title='bbox 1016 2176 1083 2233; x_wconf 79' lang='lat' dir='ltr'><strong>natus</strong></span> <span class='ocrx_word' id='word_1_126' title='bbox 1093 2199 1121 2233; x_wconf 86' lang='lat' dir='ltr'><strong>ae</strong></span> <span class='ocrx_word' id='word_1_127' title='bbox 1132 2184 1234 2248; x_wconf 85' lang='lat' dir='ltr'><strong>diligens</strong></span> <span class='ocrx_word' id='word_1_128' title='bbox 1244 2195 1361 2250; x_wconf 80' lang='lat' dir='ltr'><strong>qireratur</strong></span> <span class='ocrx_word' id='word_1_129' title='bbox 1370 2186 1438 2251; x_wconf 89' lang='lat' dir='ltr'><strong>quod</strong></span> <span class='ocrx_word' id='word_1_130' title='bbox 1448 2186 1546 2236; x_wconf 83' lang='lat' dir='ltr'><strong>nondun</strong></span> 
     </span>
     <span class='ocr_line' id='line_1_15' title="bbox 455 2263 1547 2329; baseline 0.003 -18"><span class='ocrx_word' id='word_1_131' title='bbox 455 2264 512 2311; x_wconf 66' lang='lat'><strong>270.</strong></span> <span class='ocrx_word' id='word_1_132' title='bbox 1014 2283 1040 2311; x_wconf 88' lang='grc' dir='ltr'><strong>κκ</strong></span> <span class='ocrx_word' id='word_1_133' title='bbox 1066 2263 1203 2325; x_wconf 79' lang='lat' dir='ltr'><strong>posuerim,</strong></span> <span class='ocrx_word' id='word_1_134' title='bbox 1228 2273 1344 2329; x_wconf 85' lang='lat' dir='ltr'><strong>sequutus</strong></span> <span class='ocrx_word' id='word_1_135' title='bbox 1373 2265 1501 2315; x_wconf 77' lang='lat' dir='ltr'><strong>(lominum</strong></span> <span class='ocrx_word' id='word_1_136' title='bbox 1523 2276 1547 2314; x_wconf 85' lang='lat' dir='ltr'><strong>nt</strong></span> 
     </span>
     <span class='ocr_line' id='line_1_16' title="bbox 488 2338 1546 2407; baseline 0.002 -19"><span class='ocrx_word' id='word_1_137' title='bbox 488 2338 497 2365; x_wconf 78' lang='lat'>⁸</span> <span class='ocrx_word' id='word_1_138' title='bbox 508 2339 593 2389; x_wconf 84' lang='lat' dir='ltr'><strong>Exstat</strong></span> <span class='ocrx_word' id='word_1_139' title='bbox 604 2341 627 2389; x_wconf 90' lang='lat' dir='ltr'><strong>in</strong></span> <span class='ocrx_word' id='word_1_140' title='bbox 639 2357 688 2389; x_wconf 91' lang='lat' dir='ltr'><strong>uno</strong></span> <span class='ocrx_word' id='word_1_141' title='bbox 699 2340 730 2389; x_wconf 80' lang='grc' dir='ltr'><strong>Α.</strong></span> <span class='ocrx_word' id='word_1_142' title='bbox 1014 2340 1089 2400; x_wconf 88' lang='lat' dir='ltr'><strong>alios,</strong></span> <span class='ocrx_word' id='word_1_143' title='bbox 1099 2357 1244 2406; x_wconf 89' lang='lat' dir='ltr'><strong>responsum</strong></span> <span class='ocrx_word' id='word_1_144' title='bbox 1257 2342 1281 2390; x_wconf 91' lang='lat' dir='ltr'><strong>iu</strong></span> <span class='ocrx_word' id='word_1_145' title='bbox 1291 2352 1409 2407; x_wconf 90' lang='lat' dir='ltr'><strong>promptu</strong></span> <span class='ocrx_word' id='word_1_146' title='bbox 1419 2353 1471 2403; x_wconf 88' lang='lat' dir='ltr'><strong>est,</strong></span> <span class='ocrx_word' id='word_1_147' title='bbox 1482 2343 1546 2392; x_wconf 91' lang='lat' dir='ltr'><strong>nimi·</strong></span> 
     </span>
     <span class='ocr_line' id='line_1_17' title="bbox 487 2412 1546 2486; baseline 0.002 -18"><span class='ocrx_word' id='word_1_148' title='bbox 487 2417 610 2484; x_wconf 84' lang='lat' dir='ltr'><strong>³Scripsit</strong></span> <span class='ocrx_word' id='word_1_149' title='bbox 625 2428 717 2477; x_wconf 74' lang='grc' dir='ltr'>Μηνᾶςε</span> <span class='ocrx_word' id='word_1_150' title='bbox 731 2419 814 2482; x_wconf 69' lang='grc' dir='ltr'>ἔλεγεν·</span> <span class='ocrx_word' id='word_1_151' title='bbox 826 2425 901 2470; x_wconf 81' lang='grc' dir='ltr'>ταῦτα</span> <span class='ocrx_word' id='word_1_152' title='bbox 915 2425 986 2469; x_wconf 77' lang='grc' dir='ltr'>κακά.</span> <span class='ocrx_word' id='word_1_153' title='bbox 1014 2435 1066 2467; x_wconf 83' lang='lat' dir='ltr'><strong>rum</strong></span> <span class='ocrx_word' id='word_1_154' title='bbox 1079 2418 1242 2468; x_wconf 80' lang='lat' dir='ltr'><strong>Graeculorum</strong></span> <span class='ocrx_word' id='word_1_155' title='bbox 1257 2412 1449 2470; x_wconf 73' lang='lat' dir='ltr'><strong>balbutientium</strong></span> <span class='ocrx_word' id='word_1_156' title='bbox 1463 2422 1546 2486; x_wconf 81' lang='lat' dir='ltr'><strong>loque-</strong></span> 
     </span>
     <span class='ocr_line' id='line_1_18' title="bbox 453 2495 1547 2560; baseline 0.003 -15"><span class='ocrx_word' id='word_1_157' title='bbox 453 2497 488 2545; x_wconf 82' lang='grc' dir='ltr'><strong>Ασ</strong></span> <span class='ocrx_word' id='word_1_158' title='bbox 500 2507 582 2545; x_wconf 90' lang='lat' dir='ltr'><strong>monet</strong></span> <span class='ocrx_word' id='word_1_159' title='bbox 596 2497 705 2547; x_wconf 83' lang='lat' dir='ltr'><strong>codicem</strong></span> <span class='ocrx_word' id='word_1_160' title='bbox 719 2499 782 2549; x_wconf 82' lang='lat' dir='ltr'><strong>serre</strong></span> <span class='ocrx_word' id='word_1_161' title='bbox 795 2517 801 2547; x_wconf 75' lang='grc' dir='ltr'>ε</span> <span class='ocrx_word' id='word_1_162' title='bbox 813 2497 839 2547; x_wconf 81' lang='grc' dir='ltr'><strong>οὐ</strong></span> <span class='ocrx_word' id='word_1_163' title='bbox 854 2500 910 2548; x_wconf 73' lang='grc' dir='ltr'><strong>θέλω</strong></span> <span class='ocrx_word' id='word_1_164' title='bbox 924 2504 987 2554; x_wconf 69' lang='lat' dir='ltr'><strong>rard</strong></span> <span class='ocrx_word' id='word_1_165' title='bbox 1013 2495 1061 2546; x_wconf 89' lang='lat' dir='ltr'><strong>lam</strong></span> <span class='ocrx_word' id='word_1_166' title='bbox 1072 2497 1178 2546; x_wconf 90' lang='lat' dir='ltr'><strong>noudum</strong></span> <span class='ocrx_word' id='word_1_167' title='bbox 1191 2512 1245 2550; x_wconf 87' lang='lat' dir='ltr'><strong>esse</strong></span> <span class='ocrx_word' id='word_1_168' title='bbox 1254 2499 1419 2560; x_wconf 75' lang='lat' dir='ltr'><strong>grammaticae</strong></span> <span class='ocrx_word' id='word_1_169' title='bbox 1429 2500 1500 2548; x_wconf 87' lang='lat' dir='ltr'><strong>fixam</strong></span> <span class='ocrx_word' id='word_1_170' title='bbox 1509 2499 1547 2554; x_wconf 85' lang='lat' dir='ltr'><strong>lc-</strong></span> 
     </span>
     <span class='ocr_line' id='line_1_19' title="bbox 451 2573 1546 2644; baseline 0.005 -21"><span class='ocrx_word' id='word_1_171' title='bbox 451 2581 520 2624; x_wconf 79' lang='grc' dir='ltr'>κακά.</span> <span class='ocrx_word' id='word_1_172' title='bbox 540 2576 566 2624; x_wconf 94' lang='lat' dir='ltr'><strong>ln</strong></span> <span class='ocrx_word' id='word_1_173' title='bbox 580 2576 679 2626; x_wconf 89' lang='lat' dir='ltr'><strong>homine</strong></span> <span class='ocrx_word' id='word_1_174' title='bbox 694 2577 779 2626; x_wconf 69' lang='lat' dir='ltr'><strong>Graeco</strong></span> <span class='ocrx_word' id='word_1_175' title='bbox 793 2587 819 2626; x_wconf 89' lang='lat' dir='ltr'><strong>et</strong></span> <span class='ocrx_word' id='word_1_176' title='bbox 830 2577 985 2638; x_wconf 87' lang='lat' dir='ltr'><strong>doctissimo,</strong></span> <span class='ocrx_word' id='word_1_177' title='bbox 1013 2573 1092 2638; x_wconf 89' lang='lat' dir='ltr'><strong>gibus.</strong></span> <span class='ocrx_word' id='word_1_178' title='bbox 1123 2574 1232 2625; x_wconf 76' lang='lat' dir='ltr'><strong>Accedat</strong></span> <span class='ocrx_word' id='word_1_179' title='bbox 1262 2578 1354 2631; x_wconf 79' lang='grc' dir='ltr'>Ζαλὺκη</span> <span class='ocrx_word' id='word_1_180' title='bbox 1383 2577 1546 2644; x_wconf 81' lang='lat' dir='ltr'><strong>lexicographi</strong></span> 
     </span>
     <span class='ocr_line' id='line_1_20' title="bbox 451 2653 1358 2721; baseline -0.003 -15"><span class='ocrx_word' id='word_1_181' title='bbox 451 2653 496 2706; x_wconf 77' lang='lat' dir='ltr'><strong>sed</strong></span> <span class='ocrx_word' id='word_1_182' title='bbox 511 2654 550 2718; x_wconf 88' lang='lat' dir='ltr'><strong>qui</strong></span> <span class='ocrx_word' id='word_1_183' title='bbox 561 2655 680 2705; x_wconf 87' lang='lat' dir='ltr'><strong>eruditam</strong></span> <span class='ocrx_word' id='word_1_184' title='bbox 692 2655 878 2704; x_wconf 85' lang='lat' dir='ltr'><strong>occidentalium</strong></span> <span class='ocrx_word' id='word_1_185' title='bbox 888 2655 987 2703; x_wconf 89' lang='lat' dir='ltr'><strong>critico-</strong></span> <span class='ocrx_word' id='word_1_186' title='bbox 1012 2655 1161 2703; x_wconf 88' lang='lat' dir='ltr'><strong>auctoritas:</strong></span> <span class='ocrx_word' id='word_1_187' title='bbox 1175 2659 1250 2714; x_wconf 74' lang='grc' dir='ltr'>κακά,</span> <span class='ocrx_word' id='word_1_188' title='bbox 1263 2659 1358 2721; x_wconf 75' lang='grc' dir='ltr'>κόπρος.</span> 
     </span>
     <span class='ocr_line' id='line_1_21' title="bbox 450 2730 1296 2798; baseline 0.002 -19"><span class='ocrx_word' id='word_1_189' title='bbox 450 2746 503 2780; x_wconf 91' lang='lat' dir='ltr'><strong>rum</strong></span> <span class='ocrx_word' id='word_1_190' title='bbox 518 2743 543 2781; x_wconf 87' lang='lat' dir='ltr'><strong>et</strong></span> <span class='ocrx_word' id='word_1_191' title='bbox 556 2734 644 2797; x_wconf 82' lang='lat' dir='ltr'><strong>saepius</strong></span> <span class='ocrx_word' id='word_1_192' title='bbox 659 2732 774 2782; x_wconf 89' lang='lat' dir='ltr'><strong>humilem</strong></span> <span class='ocrx_word' id='word_1_193' title='bbox 789 2733 938 2798; x_wconf 83' lang='lat' dir='ltr'><strong>diligentiam</strong></span> <span class='ocrx_word' id='word_1_194' title='bbox 951 2734 987 2783; x_wconf 80' lang='lat' dir='ltr'><strong>la·</strong></span> <span class='ocrx_word' id='word_1_195' title='bbox 1046 2730 1151 2781; x_wconf 72' lang='lat' dir='ltr'><strong>‘Exstat</strong></span> <span class='ocrx_word' id='word_1_196' title='bbox 1162 2733 1187 2781; x_wconf 92' lang='lat' dir='ltr'><strong>in</strong></span> <span class='ocrx_word' id='word_1_197' title='bbox 1199 2748 1248 2781; x_wconf 91' lang='lat' dir='ltr'><strong>uno</strong></span> <span class='ocrx_word' id='word_1_198' title='bbox 1265 2733 1296 2781; x_wconf 78' lang='lat' dir='ltr'><strong>A.</strong></span> 
     </span>
     <span class='ocr_line' id='line_1_22' title="bbox 450 2809 1544 2877; baseline 0.004 -19"><span class='ocrx_word' id='word_1_199' title='bbox 450 2809 531 2868; x_wconf 76' lang='lat' dir='ltr'><strong>ondit,</strong></span> <span class='ocrx_word' id='word_1_200' title='bbox 550 2826 599 2858; x_wconf 91' lang='lat' dir='ltr'><strong>non</strong></span> <span class='ocrx_word' id='word_1_201' title='bbox 613 2809 713 2861; x_wconf 90' lang='lat' dir='ltr'><strong>multum</strong></span> <span class='ocrx_word' id='word_1_202' title='bbox 729 2811 835 2859; x_wconf 87' lang='lat' dir='ltr'><strong>demiror</strong></span> <span class='ocrx_word' id='word_1_203' title='bbox 852 2810 919 2860; x_wconf 90' lang='lat' dir='ltr'><strong>illam</strong></span> <span class='ocrx_word' id='word_1_204' title='bbox 938 2811 987 2860; x_wconf 89' lang='lat' dir='ltr'><strong>de-</strong></span> <span class='ocrx_word' id='word_1_205' title='bbox 1047 2809 1099 2859; x_wconf 70' lang='lat' dir='ltr'><strong>“Et</strong></span> <span class='ocrx_word' id='word_1_206' title='bbox 1113 2810 1153 2858; x_wconf 88' lang='lat' dir='ltr'><strong>hic</strong></span> <span class='ocrx_word' id='word_1_207' title='bbox 1165 2821 1257 2859; x_wconf 87' lang='lat' dir='ltr'><strong>temere</strong></span> <span class='ocrx_word' id='word_1_208' title='bbox 1271 2825 1298 2859; x_wconf 91' lang='lat' dir='ltr'><strong>se</strong></span> <span class='ocrx_word' id='word_1_209' title='bbox 1308 2811 1386 2874; x_wconf 84' lang='lat' dir='ltr'><strong>gessit</strong></span> <span class='ocrx_word' id='word_1_210' title='bbox 1399 2810 1544 2877; x_wconf 84' lang='lat' dir='ltr'><strong>descriptor,</strong></span> 
     </span>
     <span class='ocr_line' id='line_1_23' title="bbox 450 2887 1544 2952; baseline 0.005 -19"><span class='ocrx_word' id='word_1_211' title='bbox 450 2887 588 2947; x_wconf 85' lang='lat' dir='ltr'><strong>scriptionis</strong></span> <span class='ocrx_word' id='word_1_212' title='bbox 617 2888 787 2950; x_wconf 87' lang='lat' dir='ltr'><strong>negligentiam</strong></span> <span class='ocrx_word' id='word_1_213' title='bbox 819 2900 844 2936; x_wconf 93' lang='lat' dir='ltr'><strong>et</strong></span> <span class='ocrx_word' id='word_1_214' title='bbox 876 2888 984 2937; x_wconf 88' lang='lat' dir='ltr'><strong>mutandi</strong></span> <span class='ocrx_word' id='word_1_215' title='bbox 1012 2888 1544 2952; x_wconf 71' lang='lat' dir='ltr'><strong>qui,iuventol.ouxdrraor‚correxits&#39;illdi·</strong></span> 
     </span>
     <span class='ocr_line' id='line_1_24' title="bbox 450 2957 1544 3030; baseline 0.005 -19"><span class='ocrx_word' id='word_1_216' title='bbox 450 2965 583 3013; x_wconf 90' lang='lat' dir='ltr'><strong>licentium.</strong></span> <span class='ocrx_word' id='word_1_217' title='bbox 594 2965 642 3012; x_wconf 89' lang='lat' dir='ltr'><strong>Sed</strong></span> <span class='ocrx_word' id='word_1_218' title='bbox 654 2976 734 3013; x_wconf 91' lang='lat' dir='ltr'><strong>metuo</strong></span> <span class='ocrx_word' id='word_1_219' title='bbox 749 2981 780 3014; x_wconf 88' lang='lat' dir='ltr'><strong>ne</strong></span> <span class='ocrx_word' id='word_1_220' title='bbox 790 2957 922 3014; x_wconf 69' lang='lat' dir='ltr'><strong>lucrint&#39;sic</strong></span> <span class='ocrx_word' id='word_1_221' title='bbox 933 2982 985 3015; x_wconf 93' lang='lat' dir='ltr'><strong>cor·</strong></span> <span class='ocrx_word' id='word_1_222' title='bbox 1011 2986 1070 3016; x_wconf 82' lang='grc' dir='ltr'>τιον.</span> <span class='ocrx_word' id='word_1_223' title='bbox 1084 2967 1133 3029; x_wconf 93' lang='lat' dir='ltr'><strong>lpsi</strong></span> <span class='ocrx_word' id='word_1_224' title='bbox 1147 2967 1272 3030; x_wconf 92' lang='lat' dir='ltr'><strong>displicuit</strong></span> <span class='ocrx_word' id='word_1_225' title='bbox 1286 2970 1431 3026; x_wconf 64' lang='lat' dir='ltr'><strong>locustinos,</strong></span> <span class='ocrx_word' id='word_1_226' title='bbox 1446 2968 1544 3017; x_wconf 87' lang='lat' dir='ltr'><strong>vocabu·</strong></span> 
     </span>
     <span class='ocr_line' id='line_1_25' title="bbox 449 3043 1543 3110; baseline 0.002 -18"><span class='ocrx_word' id='word_1_227' title='bbox 449 3044 509 3092; x_wconf 92' lang='lat' dir='ltr'><strong>rccti</strong></span> <span class='ocrx_word' id='word_1_228' title='bbox 530 3044 612 3107; x_wconf 83' lang='lat' dir='ltr'><strong>plures</strong></span> <span class='ocrx_word' id='word_1_229' title='bbox 633 3044 695 3103; x_wconf 87' lang='lat' dir='ltr'><strong>loci,</strong></span> <span class='ocrx_word' id='word_1_230' title='bbox 714 3043 745 3092; x_wconf 90' lang='lat' dir='ltr'><strong>de</strong></span> <span class='ocrx_word' id='word_1_231' title='bbox 760 3044 846 3109; x_wconf 90' lang='lat' dir='ltr'><strong>quibus</strong></span> <span class='ocrx_word' id='word_1_232' title='bbox 860 3056 985 3094; x_wconf 81' lang='lat' dir='ltr'><strong>corrector</strong></span> <span class='ocrx_word' id='word_1_233' title='bbox 1011 3044 1085 3093; x_wconf 89' lang='lat' dir='ltr'><strong>lumc</strong></span> <span class='ocrx_word' id='word_1_234' title='bbox 1100 3045 1179 3093; x_wconf 86' lang='lat' dir='ltr'><strong>trivio.</strong></span> <span class='ocrx_word' id='word_1_235' title='bbox 1195 3044 1243 3093; x_wconf 89' lang='lat' dir='ltr'><strong>Sed</strong></span> <span class='ocrx_word' id='word_1_236' title='bbox 1260 3047 1312 3094; x_wconf 88' lang='lat' dir='ltr'><strong>viro</strong></span> <span class='ocrx_word' id='word_1_237' title='bbox 1328 3046 1367 3104; x_wconf 89' lang='lat' dir='ltr'><strong>d.,</strong></span> <span class='ocrx_word' id='word_1_238' title='bbox 1379 3046 1420 3110; x_wconf 90' lang='lat' dir='ltr'><strong>qui</strong></span> <span class='ocrx_word' id='word_1_239' title='bbox 1433 3045 1543 3096; x_wconf 84' lang='lat' dir='ltr'><strong>induebat</strong></span> 
     </span>
     <span class='ocr_line' id='line_1_26' title="bbox 448 3121 1542 3186; baseline 0.003 -17"><span class='ocrx_word' id='word_1_240' title='bbox 448 3122 566 3170; x_wconf 86' lang='lat' dir='ltr'><strong>lectorem</strong></span> <span class='ocrx_word' id='word_1_241' title='bbox 585 3122 718 3170; x_wconf 79' lang='lat' dir='ltr'><strong>admonere</strong></span> <span class='ocrx_word' id='word_1_242' title='bbox 733 3124 880 3186; x_wconf 79' lang='lat' dir='ltr'><strong>supersedit.</strong></span> <span class='ocrx_word' id='word_1_243' title='bbox 899 3123 983 3172; x_wconf 87' lang='lat' dir='ltr'><strong>Habeo</strong></span> <span class='ocrx_word' id='word_1_244' title='bbox 1010 3121 1101 3170; x_wconf 88' lang='lat' dir='ltr'><strong>librarii</strong></span> <span class='ocrx_word' id='word_1_245' title='bbox 1121 3139 1264 3183; x_wconf 90' lang='lat' dir='ltr'><strong>personam,</strong></span> <span class='ocrx_word' id='word_1_246' title='bbox 1281 3123 1374 3172; x_wconf 85' lang='lat' dir='ltr'><strong>librarii</strong></span> <span class='ocrx_word' id='word_1_247' title='bbox 1394 3125 1473 3172; x_wconf 89' lang='lat' dir='ltr'><strong>seduli</strong></span> <span class='ocrx_word' id='word_1_248' title='bbox 1491 3125 1542 3173; x_wconf 89' lang='lat' dir='ltr'><strong>imi-</strong></span> 
     </span>
     <span class='ocr_line' id='line_1_27' title="bbox 447 3199 1542 3265; baseline 0.002 -16"><span class='ocrx_word' id='word_1_249' title='bbox 447 3206 510 3249; x_wconf 82' lang='grc' dir='ltr'>τατά</span> <span class='ocrx_word' id='word_1_250' title='bbox 530 3217 574 3264; x_wconf 88' lang='lat' dir='ltr'><strong>pro</strong></span> <span class='ocrx_word' id='word_1_251' title='bbox 592 3200 712 3249; x_wconf 85' lang='lat' dir='ltr'><strong>vocabulo</strong></span> <span class='ocrx_word' id='word_1_252' title='bbox 733 3202 821 3265; x_wconf 79' lang='lat' dir='ltr'><strong>lingum</strong></span> <span class='ocrx_word' id='word_1_253' title='bbox 841 3202 982 3261; x_wconf 81' lang='lat' dir='ltr'><strong>infantium,</strong></span> <span class='ocrx_word' id='word_1_254' title='bbox 1012 3199 1083 3247; x_wconf 81' lang='lat' dir='ltr'><strong>tanda</strong></span> <span class='ocrx_word' id='word_1_255' title='bbox 1096 3201 1139 3248; x_wconf 82' lang='lat' dir='ltr'><strong>luit</strong></span> <span class='ocrx_word' id='word_1_256' title='bbox 1152 3201 1285 3264; x_wconf 85' lang='lat' dir='ltr'><strong>diligentia.</strong></span> <span class='ocrx_word' id='word_1_257' title='bbox 1299 3200 1393 3250; x_wconf 83' lang='lat' dir='ltr'><strong>Reduxi</strong></span> <span class='ocrx_word' id='word_1_258' title='bbox 1410 3201 1482 3265; x_wconf 84' lang='lat' dir='ltr'><strong>igitur</strong></span> <span class='ocrx_word' id='word_1_259' title='bbox 1494 3207 1542 3251; x_wconf 84' lang='grc' dir='ltr'>Ιον-</span> 
     </span>
     <span class='ocr_line' id='line_1_28' title="bbox 448 3278 1541 3344; baseline 0.002 -18"><span class='ocrx_word' id='word_1_260' title='bbox 448 3296 519 3344; x_wconf 85' lang='lat' dir='ltr'><strong>qunm</strong></span> <span class='ocrx_word' id='word_1_261' title='bbox 546 3295 630 3327; x_wconf 90' lang='lat' dir='ltr'><strong>omnes</strong></span> <span class='ocrx_word' id='word_1_262' title='bbox 658 3278 770 3327; x_wconf 90' lang='lat' dir='ltr'><strong>omnibus</strong></span> <span class='ocrx_word' id='word_1_263' title='bbox 794 3281 817 3327; x_wconf 92' lang='lat' dir='ltr'><strong>in</strong></span> <span class='ocrx_word' id='word_1_264' title='bbox 843 3279 983 3341; x_wconf 82' lang='lat' dir='ltr'><strong>regionibus</strong></span> <span class='ocrx_word' id='word_1_265' title='bbox 1010 3284 1115 3338; x_wconf 72' lang='grc' dir='ltr'>κάνικον,</span> <span class='ocrx_word' id='word_1_266' title='bbox 1133 3295 1211 3344; x_wconf 86' lang='lat' dir='ltr'><strong>eoque</strong></span> <span class='ocrx_word' id='word_1_267' title='bbox 1230 3290 1343 3327; x_wconf 86' lang='lat' dir='ltr'><strong>accentu.</strong></span> <span class='ocrx_word' id='word_1_268' title='bbox 1360 3279 1421 3328; x_wconf 83' lang='lat' dir='ltr'><strong>Nam</strong></span> <span class='ocrx_word' id='word_1_269' title='bbox 1442 3280 1476 3329; x_wconf 90' lang='lat' dir='ltr'><strong>sic</strong></span> <span class='ocrx_word' id='word_1_270' title='bbox 1488 3296 1541 3344; x_wconf 91' lang='lat' dir='ltr'><strong>pro·</strong></span> 
     </span>
     <span class='ocr_line' id='line_1_29' title="bbox 447 3357 1541 3423; baseline 0.001 -19"><span class='ocrx_word' id='word_1_271' title='bbox 447 3357 542 3420; x_wconf 81' lang='lat' dir='ltr'><strong>pueruli</strong></span> <span class='ocrx_word' id='word_1_272' title='bbox 557 3358 697 3423; x_wconf 90' lang='lat' dir='ltr'><strong>loquuntur,</strong></span> <span class='ocrx_word' id='word_1_273' title='bbox 715 3359 754 3423; x_wconf 89' lang='lat' dir='ltr'><strong>qui</strong></span> <span class='ocrx_word' id='word_1_274' title='bbox 773 3375 820 3406; x_wconf 92' lang='lat' dir='ltr'><strong>non</strong></span> <span class='ocrx_word' id='word_1_275' title='bbox 842 3358 981 3423; x_wconf 85' lang='lat' dir='ltr'><strong>loquuntur.</strong></span> <span class='ocrx_word' id='word_1_276' title='bbox 1009 3358 1118 3405; x_wconf 86' lang='lat' dir='ltr'><strong>nunciari</strong></span> <span class='ocrx_word' id='word_1_277' title='bbox 1136 3358 1161 3405; x_wconf 93' lang='lat' dir='ltr'><strong>id</strong></span> <span class='ocrx_word' id='word_1_278' title='bbox 1175 3358 1318 3407; x_wconf 87' lang='lat' dir='ltr'><strong>vocabulum</strong></span> <span class='ocrx_word' id='word_1_279' title='bbox 1338 3359 1436 3423; x_wconf 87' lang='lat' dir='ltr'><strong>opinor.</strong></span> <span class='ocrx_word' id='word_1_280' title='bbox 1454 3359 1541 3407; x_wconf 87' lang='lat' dir='ltr'><strong>Bastius</strong></span> 
     </span>
     <span class='ocr_line' id='line_1_30' title="bbox 448 3436 1541 3501; baseline 0.001 -18"><span class='ocrx_word' id='word_1_281' title='bbox 448 3436 532 3485; x_wconf 76' lang='lat' dir='ltr'><strong>«Tuta</strong></span> <span class='ocrx_word' id='word_1_282' title='bbox 552 3456 563 3480; x_wconf 91' lang='grc' dir='ltr'>ν</span> <span class='ocrx_word' id='word_1_283' title='bbox 583 3453 627 3500; x_wconf 86' lang='lat' dir='ltr'><strong>pro</strong></span> <span class='ocrx_word' id='word_1_284' title='bbox 650 3447 732 3501; x_wconf 87' lang='lat' dir='ltr'><strong>patro,</strong></span> <span class='ocrx_word' id='word_1_285' title='bbox 755 3455 766 3480; x_wconf 81' lang='grc' dir='ltr'>ο</span> <span class='ocrx_word' id='word_1_286' title='bbox 785 3453 916 3484; x_wconf 75' lang='lat' dir='ltr'><strong>mamma»</strong></span> <span class='ocrx_word' id='word_1_287' title='bbox 938 3454 981 3501; x_wconf 90' lang='lat' dir='ltr'><strong>pro</strong></span> <span class='ocrx_word' id='word_1_288' title='bbox 1010 3437 1134 3484; x_wconf 87' lang='lat' dir='ltr'><strong>maluisset</strong></span> <span class='ocrx_word' id='word_1_289' title='bbox 1146 3437 1359 3486; x_wconf 74' lang='grc' dir='ltr'>).ονκανικο’ν.Νοηι</span> <span class='ocrx_word' id='word_1_290' title='bbox 1372 3437 1397 3485; x_wconf 91' lang='lat' dir='ltr'><strong>in</strong></span> <span class='ocrx_word' id='word_1_291' title='bbox 1410 3436 1504 3484; x_wconf 91' lang='lat' dir='ltr'><strong>scholio</strong></span> <span class='ocrx_word' id='word_1_292' title='bbox 1513 3436 1541 3484; x_wconf 88' lang='lat' dir='ltr'><strong>ad</strong></span> 
     </span>
     <span class='ocr_line' id='line_1_31' title="bbox 446 3514 1541 3578; baseline 0.001 -17"><span class='ocrx_word' id='word_1_293' title='bbox 446 3523 538 3572; x_wconf 86' lang='lat' dir='ltr'><strong>matre,</strong></span> <span class='ocrx_word' id='word_1_294' title='bbox 564 3515 644 3562; x_wconf 82' lang='lat' dir='ltr'><strong>latinis</strong></span> <span class='ocrx_word' id='word_1_295' title='bbox 678 3515 796 3578; x_wconf 88' lang='lat' dir='ltr'><strong>exemplis</strong></span> <span class='ocrx_word' id='word_1_296' title='bbox 827 3525 885 3563; x_wconf 92' lang='lat' dir='ltr'><strong>nota</strong></span> <span class='ocrx_word' id='word_1_297' title='bbox 914 3525 978 3563; x_wconf 85' lang='lat' dir='ltr'><strong>sunt.</strong></span> <span class='ocrx_word' id='word_1_298' title='bbox 1008 3514 1541 3573; x_wconf 67' lang='lat' dir='ltr'><strong>LucianiGallum,ll‚s&#39;il.ls&#39;rr:o;dcorddsia</strong></span> 
     </span>
     <span class='ocr_line' id='line_1_32' title="bbox 445 3591 1541 3657; baseline 0.003 -19"><span class='ocrx_word' id='word_1_299' title='bbox 445 3596 538 3653; x_wconf 73' lang='grc' dir='ltr'>Μάμμη</span> <span class='ocrx_word' id='word_1_300' title='bbox 552 3599 652 3655; x_wconf 73' lang='grc' dir='ltr'>μαμμία</span> <span class='ocrx_word' id='word_1_301' title='bbox 668 3592 825 3656; x_wconf 89' lang='lat' dir='ltr'><strong>puerulorum</strong></span> <span class='ocrx_word' id='word_1_302' title='bbox 841 3591 979 3640; x_wconf 75' lang='lat' dir='ltr'><strong>Gracorum</strong></span> <span class='ocrx_word' id='word_1_303' title='bbox 1009 3595 1137 3651; x_wconf 76' lang='grc' dir='ltr'>Ιοκάνικα,</span> <span class='ocrx_word' id='word_1_304' title='bbox 1171 3593 1308 3657; x_wconf 85' lang='lat' dir='ltr'><strong>corrigebat</strong></span> <span class='ocrx_word' id='word_1_305' title='bbox 1342 3598 1477 3643; x_wconf 78' lang='grc' dir='ltr'>Ιοοκανικά.</span> <span class='ocrx_word' id='word_1_306' title='bbox 1509 3593 1541 3641; x_wconf 89' lang='lat' dir='ltr'><strong>De</strong></span> 
     </span>
     <span class='ocr_line' id='line_1_33' title="bbox 444 3670 1541 3737; baseline 0.005 -23"><span class='ocrx_word' id='word_1_307' title='bbox 444 3683 518 3715; x_wconf 80' lang='lat' dir='ltr'><strong>voces</strong></span> <span class='ocrx_word' id='word_1_308' title='bbox 536 3670 588 3718; x_wconf 91' lang='lat' dir='ltr'><strong>libri</strong></span> <span class='ocrx_word' id='word_1_309' title='bbox 605 3680 794 3729; x_wconf 84' lang='lat' dir='ltr'><strong>conservarunt,</strong></span> <span class='ocrx_word' id='word_1_310' title='bbox 814 3686 861 3718; x_wconf 91' lang='lat' dir='ltr'><strong>non</strong></span> <span class='ocrx_word' id='word_1_311' title='bbox 882 3671 979 3734; x_wconf 89' lang='lat' dir='ltr'><strong>quidem</strong></span> <span class='ocrx_word' id='word_1_312' title='bbox 1007 3672 1085 3733; x_wconf 89' lang='lat' dir='ltr'><strong>prima</strong></span> <span class='ocrx_word' id='word_1_313' title='bbox 1107 3671 1198 3736; x_wconf 85' lang='lat' dir='ltr'><strong>syllaba</strong></span> <span class='ocrx_word' id='word_1_314' title='bbox 1215 3682 1307 3721; x_wconf 89' lang='lat' dir='ltr'><strong>tantum</strong></span> <span class='ocrx_word' id='word_1_315' title='bbox 1327 3675 1459 3734; x_wconf 87' lang='lat' dir='ltr'><strong>assentior,</strong></span> <span class='ocrx_word' id='word_1_316' title='bbox 1474 3689 1541 3737; x_wconf 87' lang='lat' dir='ltr'><strong>quam</strong></span> 
     </span>
     <span class='ocr_line' id='line_1_34' title="bbox 445 3747 1539 3813; baseline 0.005 -21"><span class='ocrx_word' id='word_1_317' title='bbox 445 3752 517 3794; x_wconf 72' lang='grc' dir='ltr'>τοτα.</span> <span class='ocrx_word' id='word_1_318' title='bbox 530 3747 577 3795; x_wconf 87' lang='lat' dir='ltr'><strong>Sed</strong></span> <span class='ocrx_word' id='word_1_319' title='bbox 587 3749 712 3796; x_wconf 87' lang='lat' dir='ltr'><strong>Hierocles</strong></span> <span class='ocrx_word' id='word_1_320' title='bbox 723 3748 745 3795; x_wconf 93' lang='lat' dir='ltr'><strong>id</strong></span> <span class='ocrx_word' id='word_1_321' title='bbox 759 3766 845 3796; x_wconf 89' lang='lat' dir='ltr'><strong>nomen</strong></span> <span class='ocrx_word' id='word_1_322' title='bbox 856 3749 980 3798; x_wconf 82' lang='lat' dir='ltr'><strong>audiverat</strong></span> <span class='ocrx_word' id='word_1_323' title='bbox 1007 3765 1078 3797; x_wconf 88' lang='lat' dir='ltr'><strong>unam</strong></span> <span class='ocrx_word' id='word_1_324' title='bbox 1093 3751 1199 3798; x_wconf 79' lang='lat' dir='ltr'><strong>tcntnlrnt</strong></span> <span class='ocrx_word' id='word_1_325' title='bbox 1213 3750 1315 3799; x_wconf 81' lang='lat' dir='ltr'><strong>Stoelier.</strong></span> <span class='ocrx_word' id='word_1_326' title='bbox 1334 3753 1365 3800; x_wconf 88' lang='lat' dir='ltr'><strong>ad</strong></span> <span class='ocrx_word' id='word_1_327' title='bbox 1378 3753 1469 3800; x_wconf 86' lang='lat' dir='ltr'><strong>Thom.</strong></span> <span class='ocrx_word' id='word_1_328' title='bbox 1482 3752 1539 3813; x_wconf 86' lang='lat' dir='ltr'><strong>llag.</strong></span> 
     </span>
     <span class='ocr_line' id='line_1_35' title="bbox 444 3822 1540 3891; baseline 0.006 -22"><span class='ocrx_word' id='word_1_329' title='bbox 444 3822 523 3883; x_wconf 83' lang='lat' dir='ltr'><strong>dorni,</strong></span> <span class='ocrx_word' id='word_1_330' title='bbox 538 3824 574 3870; x_wconf 88' lang='lat' dir='ltr'><strong>vel</strong></span> <span class='ocrx_word' id='word_1_331' title='bbox 588 3823 654 3872; x_wconf 86' lang='lat' dir='ltr'><strong>alibi.</strong></span> <span class='ocrx_word' id='word_1_332' title='bbox 668 3824 698 3871; x_wconf 85' lang='lat' dir='ltr'><strong>Et</strong></span> <span class='ocrx_word' id='word_1_333' title='bbox 711 3844 721 3867; x_wconf 84' lang='lat' dir='ltr'><strong>u</strong></span> <span class='ocrx_word' id='word_1_334' title='bbox 736 3835 782 3872; x_wconf 89' lang='lat' dir='ltr'><strong>tata</strong></span> <span class='ocrx_word' id='word_1_335' title='bbox 796 3845 806 3868; x_wconf 81' lang='grc' dir='ltr'>ν</span> <span class='ocrx_word' id='word_1_336' title='bbox 821 3827 894 3873; x_wconf 81' lang='lat' dir='ltr'><strong>ctiam</strong></span> <span class='ocrx_word' id='word_1_337' title='bbox 910 3827 979 3874; x_wconf 90' lang='lat' dir='ltr'><strong>nobis</strong></span> <span class='ocrx_word' id='word_1_338' title='bbox 1006 3843 1032 3891; x_wconf 86' lang='lat' dir='ltr'><strong>p.</strong></span> <span class='ocrx_word' id='word_1_339' title='bbox 1046 3829 1086 3875; x_wconf 84' lang='lat'><strong>37.</strong></span> <span class='ocrx_word' id='word_1_340' title='bbox 1100 3828 1126 3875; x_wconf 93' lang='lat' dir='ltr'><strong>ln</strong></span> <span class='ocrx_word' id='word_1_341' title='bbox 1142 3828 1304 3891; x_wconf 71' lang='lat' dir='ltr'><strong>Membrone,</strong></span> <span class='ocrx_word' id='word_1_342' title='bbox 1317 3831 1346 3887; x_wconf 77' lang='lat'><strong>3,</strong></span> <span class='ocrx_word' id='word_1_343' title='bbox 1361 3832 1386 3889; x_wconf 80' lang='lat' dir='ltr'><strong>l,</strong></span> <span class='ocrx_word' id='word_1_344' title='bbox 1400 3829 1432 3877; x_wconf 86' lang='lat' dir='ltr'><strong>ad</strong></span> <span class='ocrx_word' id='word_1_345' title='bbox 1442 3833 1540 3879; x_wconf 72' lang='grc' dir='ltr'>ἀλλᾶντα</span> 
     </span>
     <span class='ocr_line' id='line_1_36' title="bbox 444 3901 1540 3972; baseline 0.004 -23"><span class='ocrx_word' id='word_1_346' title='bbox 444 3913 480 3950; x_wconf 84' lang='lat' dir='ltr'><strong>est</strong></span> <span class='ocrx_word' id='word_1_347' title='bbox 500 3901 664 3950; x_wconf 83' lang='lat' dir='ltr'><strong>vernaculum.</strong></span> <span class='ocrx_word' id='word_1_348' title='bbox 689 3901 775 3950; x_wconf 84' lang='lat' dir='ltr'><strong>Dicunt</strong></span> <span class='ocrx_word' id='word_1_349' title='bbox 794 3913 819 3950; x_wconf 85' lang='lat' dir='ltr'><strong>et</strong></span> <span class='ocrx_word' id='word_1_350' title='bbox 843 3903 908 3965; x_wconf 85' lang='lat' dir='ltr'><strong>apud</strong></span> <span class='ocrx_word' id='word_1_351' title='bbox 934 3921 978 3953; x_wconf 89' lang='lat' dir='ltr'><strong>nos</strong></span> <span class='ocrx_word' id='word_1_352' title='bbox 1006 3905 1124 3954; x_wconf 85' lang='lat' dir='ltr'><strong>scholium</strong></span> <span class='ocrx_word' id='word_1_353' title='bbox 1140 3907 1219 3970; x_wconf 86' lang='lat' dir='ltr'><strong>reperi</strong></span> <span class='ocrx_word' id='word_1_354' title='bbox 1238 3910 1380 3957; x_wconf 76' lang='grc' dir='ltr'>Ιουκοὶνικον.</span> <span class='ocrx_word' id='word_1_355' title='bbox 1394 3908 1500 3972; x_wconf 72' lang='lat' dir='ltr'><strong>(langius</strong></span> <span class='ocrx_word' id='word_1_356' title='bbox 1513 3906 1540 3953; x_wconf 84' lang='lat' dir='ltr'><strong>v.</strong></span> 
     </span>
     <span class='ocr_line' id='line_1_37' title="bbox 443 3979 1541 4044; baseline 0.005 -16"><span class='ocrx_word' id='word_1_357' title='bbox 443 3981 506 4029; x_wconf 85' lang='lat' dir='ltr'><strong>inter</strong></span> <span class='ocrx_word' id='word_1_358' title='bbox 522 3979 665 4044; x_wconf 79' lang='lat' dir='ltr'><strong>vagientium</strong></span> <span class='ocrx_word' id='word_1_359' title='bbox 681 3979 791 4027; x_wconf 78' lang='lat' dir='ltr'><strong>infantuli</strong></span> <span class='ocrx_word' id='word_1_360' title='bbox 810 3999 821 4022; x_wconf 77' lang='grc' dir='ltr'>ο</span> <span class='ocrx_word' id='word_1_361' title='bbox 834 3996 890 4029; x_wconf 85' lang='lat' dir='ltr'><strong>caca</strong></span> <span class='ocrx_word' id='word_1_362' title='bbox 903 4000 929 4037; x_wconf 83' lang='grc' dir='ltr'>ν,</span> <span class='ocrx_word' id='word_1_363' title='bbox 947 3982 977 4029; x_wconf 86' lang='lat' dir='ltr'><strong>de</strong></span> <span class='ocrx_word' id='word_1_364' title='bbox 1006 3988 1136 4033; x_wconf 77' lang='grc' dir='ltr'>Ιουκνὶνινον</span> <span class='ocrx_word' id='word_1_365' title='bbox 1149 3985 1216 4033; x_wconf 86' lang='lat' dir='ltr'><strong>allert</strong></span> <span class='ocrx_word' id='word_1_366' title='bbox 1231 3985 1351 4033; x_wconf 87' lang='lat' dir='ltr'><strong>cCoruna</strong></span> <span class='ocrx_word' id='word_1_367' title='bbox 1366 3987 1477 4035; x_wconf 81' lang='lat' dir='ltr'><strong>Pretiosa</strong></span> <span class='ocrx_word' id='word_1_368' title='bbox 1489 3990 1541 4035; x_wconf 83' lang='lat' dir='ltr'><strong>loo-</strong></span> 
     </span>
     <span class='ocr_line' id='line_1_38' title="bbox 443 4059 1540 4123; baseline 0.007 -18"><span class='ocrx_word' id='word_1_369' title='bbox 443 4060 564 4108; x_wconf 87' lang='lat' dir='ltr'><strong>ulimcntis</strong></span> <span class='ocrx_word' id='word_1_370' title='bbox 579 4076 632 4123; x_wconf 69' lang='lat' dir='ltr'><strong>quic</strong></span> <span class='ocrx_word' id='word_1_371' title='bbox 648 4068 778 4121; x_wconf 87' lang='lat' dir='ltr'><strong>respuunt,</strong></span> <span class='ocrx_word' id='word_1_372' title='bbox 788 4074 887 4121; x_wconf 88' lang='lat' dir='ltr'><strong>prorsus</strong></span> <span class='ocrx_word' id='word_1_373' title='bbox 903 4070 930 4106; x_wconf 91' lang='lat' dir='ltr'><strong>ut</strong></span> <span class='ocrx_word' id='word_1_374' title='bbox 946 4059 977 4107; x_wconf 88' lang='lat' dir='ltr'><strong>ad</strong></span> <span class='ocrx_word' id='word_1_375' title='bbox 1005 4069 1097 4110; x_wconf 66' lang='grc' dir='ltr'>νάνινα.</span> <span class='ocrx_word' id='word_1_376' title='bbox 1112 4063 1141 4110; x_wconf 81' lang='lat' dir='ltr'><strong>Et</strong></span> <span class='ocrx_word' id='word_1_377' title='bbox 1155 4066 1255 4119; x_wconf 69' lang='grc' dir='ltr'>Ζαλὺκης</span> <span class='ocrx_word' id='word_1_378' title='bbox 1271 4064 1361 4111; x_wconf 79' lang='lat' dir='ltr'><strong>lexico</strong></span> <span class='ocrx_word' id='word_1_379' title='bbox 1372 4064 1477 4112; x_wconf 85' lang='lat' dir='ltr'><strong>exhibet</strong></span> <span class='ocrx_word' id='word_1_380' title='bbox 1490 4069 1540 4113; x_wconf 83' lang='grc' dir='ltr'>Ινν-</span> 
     </span>
     <span class='ocr_line' id='line_1_39' title="bbox 442 4137 1105 4200; baseline 0.009 -17"><span class='ocrx_word' id='word_1_381' title='bbox 442 4137 510 4186; x_wconf 87' lang='lat' dir='ltr'><strong>illuin</strong></span> <span class='ocrx_word' id='word_1_382' title='bbox 526 4137 673 4200; x_wconf 88' lang='lat' dir='ltr'><strong>oriputiduni</strong></span> <span class='ocrx_word' id='word_1_383' title='bbox 690 4137 840 4200; x_wconf 86' lang='lat' dir='ltr'><strong>paterculnm</strong></span> <span class='ocrx_word' id='word_1_384' title='bbox 858 4148 977 4187; x_wconf 68' lang='lat' dir='ltr'><strong>emunctae</strong></span> <span class='ocrx_word' id='word_1_385' title='bbox 1005 4146 1105 4189; x_wconf 74' lang='grc' dir='ltr'>κάνικον.</span> 
     </span>
     <span class='ocr_line' id='line_1_40' title="bbox 443 4216 1540 4280; baseline 0.005 -19"><span class='ocrx_word' id='word_1_386' title='bbox 443 4216 506 4261; x_wconf 85' lang='lat' dir='ltr'><strong>nuris</strong></span> <span class='ocrx_word' id='word_1_387' title='bbox 528 4231 597 4277; x_wconf 89' lang='lat' dir='ltr'><strong>pucr,</strong></span> <span class='ocrx_word' id='word_1_388' title='bbox 617 4216 640 4262; x_wconf 93' lang='lat' dir='ltr'><strong>in</strong></span> <span class='ocrx_word' id='word_1_389' title='bbox 661 4216 730 4263; x_wconf 92' lang='lat' dir='ltr'><strong>cunis</strong></span> <span class='ocrx_word' id='word_1_390' title='bbox 753 4216 886 4264; x_wconf 76' lang='lat' dir='ltr'><strong>hellenistro</strong></span> <span class='ocrx_word' id='word_1_391' title='bbox 919 4216 975 4276; x_wconf 81' lang='lat' dir='ltr'><strong>Quis</strong></span> <span class='ocrx_word' id='word_1_392' title='bbox 1038 4217 1095 4277; x_wconf 73' lang='grc' dir='ltr'><strong>οΑ,</strong></span> <span class='ocrx_word' id='word_1_393' title='bbox 1126 4218 1213 4276; x_wconf 68' lang='lat' dir='ltr'><strong>durus,</strong></span> <span class='ocrx_word' id='word_1_394' title='bbox 1245 4218 1315 4280; x_wconf 83' lang='lat' dir='ltr'><strong>lapsu</strong></span> <span class='ocrx_word' id='word_1_395' title='bbox 1348 4219 1446 4267; x_wconf 86' lang='lat' dir='ltr'><strong>calami.</strong></span> <span class='ocrx_word' id='word_1_396' title='bbox 1485 4220 1540 4267; x_wconf 89' lang='lat' dir='ltr'><strong>Nam</strong></span> 
     </span>
     <span class='ocr_line' id='line_1_41' title="bbox 442 4294 1541 4363; baseline 0.005 -25"><span class='ocrx_word' id='word_1_397' title='bbox 442 4308 505 4338; x_wconf 83' lang='lat' dir='ltr'><strong>emin</strong></span> <span class='ocrx_word' id='word_1_398' title='bbox 521 4308 567 4338; x_wconf 90' lang='lat' dir='ltr'><strong>non</strong></span> <span class='ocrx_word' id='word_1_399' title='bbox 588 4294 697 4341; x_wconf 85' lang='lat' dir='ltr'><strong>meminit</strong></span> <span class='ocrx_word' id='word_1_400' title='bbox 714 4294 867 4359; x_wconf 84' lang='lat' dir='ltr'><strong>Phidippidis</strong></span> <span class='ocrx_word' id='word_1_401' title='bbox 883 4295 975 4342; x_wconf 79' lang='lat' dir='ltr'><strong>Aristo·</strong></span> <span class='ocrx_word' id='word_1_402' title='bbox 1004 4295 1092 4343; x_wconf 87' lang='lat' dir='ltr'><strong>menda</strong></span> <span class='ocrx_word' id='word_1_403' title='bbox 1104 4297 1127 4343; x_wconf 89' lang='lat' dir='ltr'><strong>id</strong></span> <span class='ocrx_word' id='word_1_404' title='bbox 1143 4311 1217 4359; x_wconf 80' lang='lat' dir='ltr'><strong>gertus</strong></span> <span class='ocrx_word' id='word_1_405' title='bbox 1229 4294 1334 4344; x_wconf 80' lang='lat' dir='ltr'><strong>librariis</strong></span> <span class='ocrx_word' id='word_1_406' title='bbox 1345 4296 1541 4363; x_wconf 82' lang='lat' dir='ltr'><strong>Graecisquoquc</strong></span> 
     </span>
     <span class='ocr_line' id='line_1_42' title="bbox 443 4368 1539 4443; baseline 0.008 -30"><span class='ocrx_word' id='word_1_407' title='bbox 443 4368 529 4430; x_wconf 83' lang='lat' dir='ltr'><strong>pliuuei</strong></span> <span class='ocrx_word' id='word_1_408' title='bbox 542 4375 615 4416; x_wconf 74' lang='grc' dir='ltr'>κανκά</span> <span class='ocrx_word' id='word_1_409' title='bbox 628 4370 766 4431; x_wconf 82' lang='lat' dir='ltr'><strong>clamantis,</strong></span> <span class='ocrx_word' id='word_1_410' title='bbox 777 4376 796 4420; x_wconf 90' lang='lat' dir='ltr'><strong>si</strong></span> <span class='ocrx_word' id='word_1_411' title='bbox 808 4374 868 4422; x_wconf 78' lang='lat' dir='ltr'><strong>sorte</strong></span> <span class='ocrx_word' id='word_1_412' title='bbox 879 4389 973 4443; x_wconf 64' lang='lat' dir='ltr'><strong>pgenre·</strong></span> <span class='ocrx_word' id='word_1_413' title='bbox 1003 4373 1133 4431; x_wconf 72' lang='lat' dir='ltr'><strong>excidunt,</strong></span> <span class='ocrx_word' id='word_1_414' title='bbox 1147 4384 1172 4421; x_wconf 91' lang='lat' dir='ltr'><strong>et</strong></span> <span class='ocrx_word' id='word_1_415' title='bbox 1183 4373 1253 4421; x_wconf 89' lang='lat' dir='ltr'><strong>nobis</strong></span> <span class='ocrx_word' id='word_1_416' title='bbox 1264 4374 1304 4438; x_wconf 92' lang='lat' dir='ltr'><strong>qui</strong></span> <span class='ocrx_word' id='word_1_417' title='bbox 1316 4375 1381 4423; x_wconf 85' lang='lat' dir='ltr'><strong>nrale</strong></span> <span class='ocrx_word' id='word_1_418' title='bbox 1394 4376 1539 4440; x_wconf 83' lang='lat' dir='ltr'><strong>pronuncia-</strong></span> 
     </span>
     <span class='ocr_line' id='line_1_43' title="bbox 441 4448 1540 4516; baseline 0.006 -23"><span class='ocrx_word' id='word_1_419' title='bbox 441 4457 507 4509; x_wconf 63' lang='grc' dir='ltr'>μνον</span> <span class='ocrx_word' id='word_1_420' title='bbox 528 4448 721 4499; x_wconf 81' lang='lat' dir='ltr'><strong>cacaturitinne?</strong></span> <span class='ocrx_word' id='word_1_421' title='bbox 742 4450 812 4509; x_wconf 80' lang='lat' dir='ltr'><strong>Quod</strong></span> <span class='ocrx_word' id='word_1_422' title='bbox 831 4450 974 4501; x_wconf 81' lang='lat' dir='ltr'><strong>vocabulum</strong></span> <span class='ocrx_word' id='word_1_423' title='bbox 1003 4468 1056 4507; x_wconf 89' lang='lat' dir='ltr'><strong>mus</strong></span> <span class='ocrx_word' id='word_1_424' title='bbox 1075 4451 1199 4516; x_wconf 88' lang='lat' dir='ltr'><strong>plerique,</strong></span> <span class='ocrx_word' id='word_1_425' title='bbox 1219 4451 1277 4516; x_wconf 90' lang='lat' dir='ltr'><strong>quid</strong></span> <span class='ocrx_word' id='word_1_426' title='bbox 1296 4453 1395 4503; x_wconf 85' lang='lat' dir='ltr'><strong>mirum.</strong></span> <span class='ocrx_word' id='word_1_427' title='bbox 1419 4454 1447 4514; x_wconf 80' lang='lat' dir='ltr'><strong>ln</strong></span> <span class='ocrx_word' id='word_1_428' title='bbox 1469 4451 1540 4513; x_wconf 71' lang='lat' dir='ltr'><strong>Miro.</strong></span> 
     </span>
    </p>
   </div>
   <div class='ocr_carea' id='block_1_6' title="bbox 0 0 1846 5659">
    <p class='ocr_par' dir='ltr' id='par_1_7' title="bbox 0 0 1846 5659">
     <span class='ocr_line' id='line_1_44' title="bbox 0 0 1846 5659; baseline 0 5"><span class='ocrx_word' id='word_1_429' title='bbox 0 0 1846 5659; x_wconf 95' lang='lat' dir='ltr'><strong> </strong></span> 
     </span>
    </p>
   </div>
  </div>
 </body>
</html>
