3684 5659
443 595 512 666 148
781 601 815 659 Γ.
843 600 917 660 ΤΟΥ
941 597 1196 661 ΠΑΧΥΜΕΡΟΥΣ

442 733 495 822 μὲν
512 728 648 818 διδόναι,
676 731 739 796 λύει
762 733 939 824 παραυτίκα
955 731 1008 801 τὴν
1029 728 1224 823 ἀποκήρυξιν,
1250 734 1302 798 καί
1324 727 1426 808 οὐδεὶς
1450 731 1543 824 λόγος

441 851 494 911 τοῦ
517 847 558 933 μη
583 842 747 932 λαμθάνειν
772 841 882 908 ἐκεῖνον
904 845 944 906 τά
964 843 1176 935 παρεχόμενα·
1199 843 1233 909 ού
1250 845 1311 935 γάρ
1329 846 1543 934 ἀποκήρυκτος

442 958 582 1044 ούμενουν
600 953 693 1021 ἐπιόν
710 954 892 1044 κληρονόμον
910 955 1090 1024 καθίστησιν
1113 954 1128 1019 5
1149 957 1267 1047 πατήρ·
1290 957 1315 1020 εἰ
1334 950 1369 1020 δὲ
1387 955 1430 1043 μὴ
1448 950 1540 1020 διδό-

441 1089 509 1149 ναι,
528 1063 599 1154 μήτ’
618 1064 729 1140 ἐκεῖνος
747 1060 877 1150 διδότω,
898 1062 969 1151 μήθ’
986 1063 1089 1138 ὀπαῖς
1105 1062 1305 1151 λαμθοινέτω,
1323 1066 1365 1153 μὴ
1383 1064 1538 1141 θέλοντος·

441 1176 506 1253 υἱός
521 1179 581 1267 γάρ
599 1175 653 1241 οὐκ
675 1179 753 1240 ἔστι.
773 1177 833 1240 Καί
853 1171 968 1262 μεθέξει
985 1182 1045 1238 τῶν
1061 1183 1234 1265 πατρικῶν;

490 1284 581 1364 Εἶδες
593 1290 683 1353 ποίαν
701 1288 819 1374 όνόμος
836 1285 916 1376 λέγει
935 1285 987 1356 τὴν
1003 1288 1155 1374 μετοχηνς
1172 1282 1270 1370 εἶδες,
1289 1294 1374 1371 πῶς,
1396 1287 1539 1376 σωζομέ-

441 1422 492 1473 νης
507 1407 561 1474 τῆς
578 1394 804 1490 ἀποκηρύξεως,
821 1398 873 1462 καί
891 1404 950 1461 τῶν
963 1399 1124 1484 κτημάτων
1137 1401 1228 1462 ὄντων
1240 1397 1403 1488 πατρῴων,
1421 1399 1437 1463 5
1450 1399 1541 1487 νόμος

441 1515 531 1602 είργει
549 1510 600 1575 τὸν
620 1511 847 1600 ἀποκήρυκτον;
868 1511 898 1572 τί
915 1507 1017 1573 λοιπὸν
1035 1515 1078 1595 τῷ
1103 1510 1184 1598 νόμῳ
1202 1504 1251 1574 δεῖ
1267 1504 1467 1595 διαστίξεως,
1486 1518 1541 1586 τῆς

441 1630 572 1711 μετοχῆς
591 1619 638 1686 ἐπὶ
653 1620 854 1712 κληρονομίας
868 1616 1115 1707 λαμέανομένης,
1134 1620 1290 1685 καὶτοῦτο
1303 1619 1395 1708 μόνον
1407 1617 1541 1709 ἐχούσης

438 1732 473 1797 τό
490 1733 725 1820 σημαινόμενον.

487 1820 629 1930 Ἑλλθωμεν
655 1838 694 1912 δνλ
712 1843 764 1907 καί
788 1840 834 1906 ἐπί
863 1840 913 1906 τὸν
940 1840 1054 1926 λοιπόν,
1079 1832 1116 1916 ὃς
1133 1840 1296 1930 λαμθάνειν
1320 1841 1374 1913 τὴν
1397 1847 1474 1908 ναῦν
1489 1843 1540 1908 τόν

440 1952 632 2040 ἐπιμείναντα
654 1946 783 2017 δικαῖοι.
804 1954 928 2026 Πάντως
946 1946 1014 2040 ᾔδει
1031 1950 1160 2028 πολλοὺς
1174 1953 1227 2018 καί
1242 1954 1370 2040 ἀτίμους
1387 1954 1441 2018 καλ
1457 1954 1539 2019 ἀπο·

439 2061 608 2154 κηρύκτους
625 2063 640 2128 5
659 2061 835 2149 νομοθέτης.
855 2057 930 2126 Οίδε
945 2063 998 2126 καί
1015 2061 1098 2138 νέους
1117 2064 1170 2127 καί
1187 2061 1350 2154 γέροντας,
1365 2064 1420 2129 καὶ
1436 2063 1539 2155 φίλους

439 2198 471 2240 τε
486 2175 538 2239 καί
556 2173 701 2265 ἐχθρούς,
720 2175 773 2238 καί
789 2167 835 2249 οἷς
847 2173 884 2238 ἂν
896 2175 1027 2238 συνοίσει
1041 2171 1170 2238 λαύοῦσι
1183 2173 1217 2238 τὸ
1234 2175 1470 2263 χειμαζόμενον,
1485 2176 1538 2240 καί

441 2279 486 2360 οἷς
504 2288 560 2372 μή.
582 2280 657 2349 Οἶδε
679 2285 735 2359 τὰς
753 2287 846 2368 ναῦς,
863 2282 908 2348 ότι
930 2285 950 2354 ἡ
968 2282 1022 2372 μὲν
1040 2279 1197 2368 ίδιωτική,
1216 2286 1236 2355 ἡ
1254 2279 1288 2349 δὲ
1305 2281 1466 2373 δημοσία,
1484 2287 1537 2351 καί

440 2394 530 2483 ἡμὲν
551 2394 647 2486 μέγαν
669 2395 719 2460 τὸν
738 2395 843 2486 ρόρτον
860 2395 912 2459 καὶ
932 2396 1100 2486 ἀναγκαῖον
1120 2403 1158 2483 τῇ
1181 2394 1266 2460 πόλει
1291 2395 1483 2487 φέρουσα,ἡ
1504 2388 1539 2461 δὲ

440 2507 545 2598 μικρὸν
562 2508 614 2572 καί
634 2502 700 2571 οὐδ’
719 2505 789 2571 ὅσον
815 2501 971 2598 φροντίδος
994 2502 1089 2581 ἀξιον·
1109 2507 1162 2571 καί
1181 2506 1201 2576 ἡ
1223 2503 1277 2593 μὲν
1298 2513 1359 2572 τῶν
1376 2529 1542 2596 ταχυναυ-

440 2626 555 2683 τουσῶν
572 2619 625 2686 καὶ
640 2619 795 2712 τριήρεων,
809 2619 831 2688 4τό
847 2612 880 2681 δὲ
898 2625 955 2681 τῶν
971 2610 1082 2704 σχεδὸν
1098 2617 1259 2704 ἀκινήτων,
1279 2617 1331 2682 καί
1350 2611 1402 2694 αἷς
1418 2618 1456 2683 ἀν
1469 2641 1542 2683 σνν-

441 2731 540 2819 εργοίη
559 2730 632 2819 πρὸς
649 2728 787 2794 κέλευθον
801 2725 899 2819 βαρύς
915 2727 1009 2793 πνέων
1024 2726 1039 2790 5
1055 2732 1179 2814 ἄνεμος.
1193 2730 1230 2792 Εἰ
1247 2733 1320 2820 γοῦν
1334 2725 1453 2794 ὑπενόει
1467 2723 1539 2794 δια·

441 2839 533 2927 φοράν
553 2836 598 2902 ἐπὶ
616 2837 734 2913 τούτοις
751 2840 804 2902 καί
821 2838 862 2925 μη
880 2836 983 2912 ἁπλῶς
997 2835 1161 2923 ἐνομοθέτει
1174 2839 1256 2902 κατὰ
1270 2838 1383 2914 παντὸς
1396 2840 1430 2905 τό
1445 2838 1535 2924 αὐτό,

440 2946 566 3022 πολλαῖς
588 2948 624 3012 ἀν
642 2949 656 3012 5
674 2949 764 3034 νόμος
783 2944 813 3022 ἐξ
835 2950 972 3038 ἀνάγκης
992 2949 1145 3035 συνείχετο
1163 2942 1361 3025 διαστίξεσιν.
1382 2929 1457 3016 Ᾰλλ’
1475 2949 1539 3027 ὥς·

440 3082 494 3147 περ
519 3047 639 3123 ἐπὶτῶν
657 3061 855 3149 πραγμάτων,
873 3057 906 3122 ού
929 3053 1119 3149 διορίσαντος
1136 3059 1194 3124 κάν
1209 3058 1284 3125 πολὺ
1302 3060 1359 3124 κάν
1376 3059 1491 3152 ὀλίγον,
1509 3059 1540 3127 ἓν

441 3170 541 3233 καὶτὸ
559 3167 632 3232 αὐτὸ
651 3168 853 3258 λογιζόμεθα,
875 3164 952 3231 ούτω
972 3163 1057 3243 δέξαι
1077 3169 1129 3232 καί
1151 3167 1273 3235 ἐπὶτῶν
1291 3171 1538 3262 προςῶπων·καί

441 3279 482 3365 μὴ
500 3275 618 3353 ἐξέταζε
636 3278 693 3342 κάν
709 3276 798 3352 πένης
815 3277 830 3341 5
849 3276 1019 3363 ἐπιμείνας,
1041 3278 1098 3342 κάν
1117 3277 1280 3363 πλούσιος,
1298 3280 1356 3345 κάν
1377 3280 1486 3374 ἐχθρὸς
1500 3291 1539 3371 τῇ

440 3389 541 3472 πόλει,
565 3389 622 3454 κάν
639 3389 743 3479 (ρίλος,
770 3388 827 3453 κάν
850 3397 909 3454 τῶν
935 3387 1073 3475 ἐντίμων,
1093 3389 1150 3455 κάν
1167 3399 1226 3456 τῶν
1251 3393 1380 3479 ἀτίμων,
1401 3392 1460 3457 κάν
1476 3400 1539 3458 τῶν

440 3502 583 3591 γνησίων,
602 3501 660 3565 κάν
680 3497 904 3591 ἀποκύρυκτος.
925 3497 1051 3563 Σκόπειι
1066 3496 1111 3585 δ’,
1132 3504 1157 3564 εἰ
1174 3497 1297 3586 βούλει,
1314 3504 1367 3567 καί
1386 3505 1443 3580 τάς
1461 3498 1538 3569 δια-

810 3592 817 3613 ‹

440 3613 522 3686 νοίας
536 3620 593 3675 τῶν
603 3614 782 3697 νομοθετῶν.
796 3615 821 3674 0
835 3609 887 3697 μὲν
900 3617 994 3702 είργει
1008 3618 1066 3675 τῶν
1082 3613 1229 3703 πατρῴων
1243 3614 1293 3678 τὸν
1310 3615 1536 3707 ἀποκύρυκτον,

440 3719 499 3806 οὐχ
515 3720 555 3794 ῶς
571 3721 785 3808 ἀπηχθημένου
798 3730 839 3808 τῷ
856 3721 1062 3812 γεγεννηκότι·
1085 3726 1110 3786 εἰ
1127 3725 1187 3814 γάρ
1205 3726 1410 3815 ἀπεκύρυττεν
1425 3733 1538 3813 μισῶν,

441 3825 533 3904 ούτως
550 3831 586 3893 ἀν
604 3827 684 3918 εἶχες
702 3830 812 3921 λέγειν·
834 3830 894 3896 ἐπεί
915 3827 945 3895 δ’
964 3832 1004 3907 ῶς
1022 3829 1174 3898 παιδεύων
1192 3836 1244 3899 καὶ
1259 3837 1420 3913 νουθετῶν,
1442 3839 1538 3902 εἶκαὶ

440 3938 695 4030 τληκτικῶτερον,
708 3975 757 3988 ·-
771 3936 865 4007 δεινὸν
877 3942 936 4033 γὰρ
948 3942 981 4007 τὸ
995 3940 1131 4023 simii&
1147 3943 1202 4010 εἴτ’
1216 3937 1267 4010 οὖν
1279 3954 1399 4035 γεννᾷν,
1415 3948 1469 4012 καί
1483 3946 1540 4012 οὐκ

474 4188 588 4240 ¹Schol.:
602 4193 702 4242 ἐνταῦθα
720 4195 826 4260 καθαρῶς
848 4197 861 4248 ἡ
882 4192 974 4242 διάνοια
1002 4193 1042 4253 Et,
1051 4209 1125 4258 quum
1134 4204 1220 4258 agatur
1230 4193 1262 4244 de
1272 4203 1353 4259 patre,
1363 4194 1433 4245 addit
1444 4197 1490 4246 εἴτ’
1500 4191 1539 4245 οὖν

440 4273 480 4315 τοῦ
492 4273 624 4329 νομοθέτου.
1001 4281 1091 4336 γεννᾷν.
1105 4272 1175 4334 Quod
1187 4272 1380 4324 additamentum
1390 4274 1469 4324 ferme
1480 4289 1540 4324 cre-

475 4341 484 4366 ’
495 4343 573 4393 Utitur
584 4346 663 4397 verbis
673 4346 794 4410 Euripidis
805 4345 860 4412 lph.
874 4347 903 4397 Α.
915 4350 972 4396 917:
1001 4348 1104 4400 diderim
1116 4350 1238 4400 scholium
1249 4367 1317 4412 esse,
1329 4368 1404 4418 quum
1414 4361 1442 4404 τὸ
1451 4359 1539 4404 τίκτειν

442 4427 517 4470 Δεινὸν
530 4428 556 4470 τὸ
570 4429 659 4473 τίκτειν
672 4431 710 4474 καί
722 4430 785 4494 μέρει
797 4429 890 4492 γίλτρον
901 4432 972 4489 μέγα.
1001 4428 1077 4492 possit
1089 4439 1113 4477 oi
1133 4428 1164 4478 de
1182 4441 1253 4494 patre
1267 4431 1392 4494 usurpari,
1412 4447 1441 4481 ac
1456 4432 1537 4483 statim
