3684 5659
807 634 963 696 ΜΕΛΕΤΗ
991 623 1045 696 IB'.
1399 631 1470 700 237

374 753 465 864 Ιθρὼ1
482 771 534 859 μὲν
552 780 595 859 τῷ
611 780 652 859 νῷ
668 771 741 861 πρὸς
755 772 793 834 τά
810 769 905 834 ἐκεῖσε
922 771 1061 859 γίνομαι,
1077 772 1128 834 καί
1146 767 1247 855 βλέπω
1263 766 1472 847 δυςωποῦντας

376 883 448 959 τοὺς
462 883 584 958 ἀθλίους
598 881 743 967 ἐκείνους,
760 884 812 946 καὶ
832 882 962 956 ἱκεσίους
979 890 1087 970 χεῖρας
1105 881 1304 963 ἐκτείνοντας,
1326 906 1341 938 «
1353 885 1472 946 Οἰκτεί-

373 1019 449 1087 ρατε
463 1019 479 1053 ν
497 1001 571 1070 ἴσως
586 993 746 1085 λέγοντας,
763 1017 778 1050 t<
792 994 848 1057 κάν
863 991 963 1079 ὑμεῖς,
981 988 1073 1066 ξένοι·
1094 991 1158 1056 ε’πεί
1173 994 1255 1081 τοίγε
1274 994 1300 1056 οἱ
1318 988 1469 1079 ἡμεδαποὶ

374 1101 669 1198 καταπροδιδοῦσιν.
689 1085 816 1180 Ιθκόντες
835 1102 904 1191 ὑμῖν
927 1102 1072 1190 ἑπόμεθα.
1096 1105 1219 1193 Χράσθε
1240 1101 1300 1167 ὅτι
1319 1106 1370 1168 καί
1393 1101 1471 1187 βούκ
1546 1127 1550 1133 ’

375 1214 493 1281 λεσθεδ.
526 1217 620 1281 Μόνον
648 1217 821 1309 χαρίσασθε
847 1215 899 1285 την
931 1215 1060 1289 ζωήν».
1092 1209 1165 1278 Επεὶ
1196 1209 1224 1277 δ’
1256 1214 1309 1279 οὐκ
1337 1217 1469 1291 ἔπειθον,

374 1323 553 1392 κτείνονσιθ.

424 1441 565 1503 Κάκεῖνοι
588 1436 641 1525 μὲν
663 1433 722 1509 ἥδη
747 1446 860 1501 κεῖνται
881 1436 1020 1511 πεσόντες
1042 1436 1099 1526 πρὸ
1122 1443 1180 1498 τῶν
1201 1434 1351 1524 ἡμετέρων
1372 1435 1471 1499 πυλῶν

373 1551 482 1639 γυμνοί
498 1551 550 1615 καί
570 1551 754 1637 ἀσχήμονες,
774 1548 883 1623 ἀκλεὴς
902 1546 956 1612 θέα
971 1550 1022 1611 καί
1041 1549 1188 1637 ἀτερπής·
1207 1548 1258 1610 καί
1279 1542 1378 1621 οὐδεὶς
1393 1545 1472 1623 ύςτις

374 1655 449 1725 ἰδὼν
473 1660 507 1725 οὐ
531 1656 656 1752 δακρύει
678 1659 730 1730 τὴν
753 1660 920 1749 συμτροράν.
942 1639 969 1722 (λ
988 1658 1157 1749 στρατηγὸς
1174 1653 1207 1721 δέ
1227 1657 1334 1721 κυκλοῖ
1350 1661 1470 1748 προροί-

374 1795 456 1857 σεις,
479 1772 532 1835 καὶ
554 1772 662 1858 νόμους
680 1772 824 1861 προτείνει
844 1764 938 1857 μηδὲν
960 1772 1087 1857 ἔχοντας
1105 1767 1195 1833 αὐτὸν
1213 1767 1350 1858 ὠφελεῖν·
1376 1767 1471 1857 ὥςπερ

374 1883 412 1948 ἀν
435 1882 482 1948 ἐπ’
506 1881 582 1948 αὐτὸ
605 1886 692 1946 τοῦτο
717 1877 834 1965 βλέπων
851 1881 866 1944 ὁ
884 1879 1044 1967 νομοθέτης
1067 1879 1155 1943 ἐτίθει
1172 1880 1222 1943 τὸν
1244 1879 1333 1966 νόμον
1349 1876 1472 1943 κωλύειν

373 1995 481 2069 νυκτὸς
501 1996 557 2069 τάς
574 1993 671 2068 πύλας
693 1994 886 2082 ἀνοίγεσθαι,
907 1989 952 2081 ἐφ’
974 1983 997 2077 ᾧ
1020 1997 1082 2081 ἀρα
1105 1991 1131 2054 οἱ
1152 1990 1274 2054 πολῖται
1295 1991 1468 2053 κτείνοιντο.

373 2108 433 2170 Καὶ
454 2101 493 2176 δὴ
513 2101 666 2192 δημοσίων
685 2099 882 2190 ἀδικημάτων
901 2097 1028 2176 δικαίως
1045 2103 1233 2193 κρινόμενος,
1255 2103 1471 2188 ἀπαναισχυν-

373 2226 435 2297 τεῑ,
461 2217 515 2281 καὶ
537 2215 606 2281 ἀλλ’
630 2211 728 2280 ἀτταί
748 2216 787 2279 τά
812 2210 947 2300 δημόσια
971 2211 1049 2302 λέγει
1076 2208 1274 2300 ἀδικήματα,
1303 2236 1318 2269 t<
1344 2206 1389 2286 οἷς
1414 2209 1472 2297 οὐχ

1244 2583 1250 2598 3

373 2587 426 2637 aliis
446 2604 503 2636 «un
517 2602 584 2636 εοεαε
597 2586 628 2636 de
641 2583 772 2635 diamant»
793 2585 850 2634 feeit
862 2583 908 2633 he·
935 2583 954 2631 si
970 2581 1081 2632 facienda
1093 2580 1229 2638 correctio,
1240 2579 1376 2643 αδάμαντος
1386 2598 1473 2647 στορε-

372 2664 532 2716 mistiehinm.
550 2665 582 2715 Et
595 2664 723 2731 Drydenus
736 2682 741 2711 2
756 2682 766 2707 ι
779 2663 826 2711 For
845 2672 908 2711 tears
936 2666 1046 2726 λώτερον.

373 2744 421 2795 will
434 2743 521 2809 pierce
538 2758 552 2791 a
570 2742 640 2792 beart
656 2743 683 2792 oi
697 2741 810 2790 adamant
820 2759 843 2788 n.
859 2739 908 2788 Sed
970 2739 1088 2789 ¹Schol.:
1101 2741 1211 2805 προθαλή,

372 2839 454 2874 rarum
477 2821 623 2871 vocabulum
645 2821 822 2878 radamanti,
842 2819 908 2884 quod
969 2817 1106 2882 'Ulpianus
1126 2816 1157 2865 ad
1177 2814 1363 2865 Demosthenem
1383 2816 1422 2865 01.
1443 2821 1471 2873 t,

373 2915 465 2965 gt‘aecas
480 2897 586 2965 syllabas
604 2897 704 2948 exhibet
717 2899 796 2963 ipsas,
812 2897 908 2961 Dryde-
935 2897 952 2963 ξ
966 2901 981 2947 9
997 2918 1002 2946 :
1015 2897 1065 2946 καθ’
1077 2901 1108 2946 ὧν
1118 2898 1221 2954 ἐξουσίαν
1235 2895 1319 2957 ἔχομεν
1332 2894 1343 2945 ὅ
1358 2916 1381 2944 τι
1392 2899 1472 2963 βονλό-

372 2979 506 3029 numintra
520 2977 616 3026 veniam
625 2985 714 3040 ponet,
724 2991 772 3024 non
783 2975 909 3039 ignoscen·
935 2984 996 3042 μεθοι
1012 2983 1137 3045 πράττειν,
1150 2981 1213 3024 κατὰ
1229 2977 1319 3023 τούτων
1332 2982 1359 3024 τ“ο
1370 2979 1471 3042 χρῆσθαι

372 3056 430 3107 dum
442 3056 462 3105 si
477 3055 570 3119 vulgari
584 3072 596 3098 ι
608 3053 747 3104 diamond»
763 3064 827 3103 esset
840 3069 907 3102 usus.
936 3060 1041 3120 λέγομεν.
1056 3054 1233 3118 Aristophanes
1244 3052 1307 3101 Nuh.
1322 3053 1387 3101 440:
1401 3060 1472 3121 Χρή-

373 3134 460 3185 Ovidio
471 3133 616 3183 Theocriiea
634 3133 671 3182 ld·
689 3135 719 3192 2,
739 3135 784 3190 33,
798 3131 908 3181 essessb·
937 3141 995 3184 σθων
1010 3137 1113 3198 ἀτεχνῶς
1130 3133 1142 3183 ὅ
1161 3153 1185 3182 τι
1207 3135 1342 3201 βούλονται.
1363 3131 1472 3180 Phalaris

373 3222 469 3264 versata
480 3212 532 3262 fere
542 3211 676 3277 putaverim
691 3231 697 3260 τ
709 3218 747 3261 τὸν
758 3211 780 3259 ἐν
790 3209 852 3274 'dds
863 3216 909 3257 Ka·
935 3213 982 3278 Ep.
995 3213 1041 3260 106
1054 3232 1060 3259 ι
1076 3215 1120 3274 ἐγὼ
1132 3218 1174 3276 μὲν
1188 3207 1226 3261 οὖν
1244 3213 1283 3259 ἐπὶ
1303 3217 1339 3259 σοὶ
1354 3214 1472 3274 γενόμενος

373 3300 454 3350 νήσοις
468 3293 612 3354 ἀδάμαντα,
628 3297 667 3340 καὶ
680 3292 740 3339 τίτί
754 3291 908 3357 reprimatis
934 3294 946 3342 ὅ
965 3313 989 3341 τι
1007 3295 1099 3360 βούλοιο
1116 3311 1157 3353 μοι
1179 3295 1291 3358 χρῆσθαι.
1307 3287 1342 3337 tbi
1359 3288 1471 3354 Lennep.

373 3373 439 3422 etto.
457 3370 494 3420 tbi
510 3367 691 3420 wordsworth.
704 3368 780 3417 muita
792 3366 909 3416 eruditis·
934 3371 1043 3420 AElianus
1056 3370 1138 3417 tta,
1155 3369 1183 3425 θ,
1206 3370 1249 3425 tt,
1265 3367 1296 3414 de
1312 3366 1400 3430 hyaena
1418 3384 1472 3431 quae

372 3449 434 3500 sime
446 3446 623 3512 congessit‚in
634 3446 673 3496 his
684 3447 765 3496 locum
777 3445 908 3510 Theophy-
935 3447 1045 3512 corporis
1069 3446 1161 3495 umbrie
1191 3447 1228 3494 sui
1253 3454 1367 3493 contactu
1392 3456 1471 3494 mutes

371 3527 429 3579 laeti
443 3527 537 3577 Simoe.
550 3524 581 3575 de
594 3524 677 3589 lapide
692 3524 837 3574 adamante:
850 3527 875 3574 εἴ
884 3547 908 3574 τι
935 3542 1007 3575 canes
1018 3525 1077 3574 facit
1090 3535 1115 3573 et
1126 3524 1241 3573 attonitos
1253 3543 1259 3571 ι
1272 3526 1472 3586 ἀπάγεισιωπῶν-

354 3607 511 3673 ρἀδάμαντος
519 3603 667 3670 ὑψηλότερον.
679 3600 806 3667 Quumque
817 3601 849 3650 ad
861 3601 908 3652 tale
935 3625 978 3661 τας
988 3611 1028 3652 καὶ
1038 3610 1153 3671 κέχρηται
1164 3603 1174 3652 ὅ
1184 3623 1209 3652 τι
1218 3608 1257 3651 καὶ
1268 3605 1379 3671 βούλεται
1394 3604 1471 3652 ἐντεῠ·

372 3683 510 3750 epithetum
532 3680 682 3740 offenderet,
703 3680 834 3745 legendum
854 3696 908 3730 esse
936 3689 971 3733 θεν
985 3681 1074 3738 αὐτοῖς.
1087 3680 1220 3746 hiciphm,
1233 3682 1262 3743 3,
1273 3682 1306 3729 52
1319 3699 1325 3728 ι
1338 3677 1363 3729 οὗ
1375 3700 1416 3744 μοι
1428 3687 1473 3745 μέ-

330 3814 334 3819 ,
372 3763 406 3812 ait
417 3766 582 3832 ἀορηλίτερον.
594 3760 643 3810 Sed
653 3775 736 3809 secum
747 3759 908 3809 conferendus
935 3766 978 3811 λει·
992 3764 1120 3812 ποιούντων
1134 3761 1176 3810 ὅσα
1196 3766 1237 3809 καί
1257 3763 1391 3830 βούλονται.
1410 3760 1473 3809 Mate

371 3838 585 3906 Theophylactus,
600 3838 641 3904 qui
656 3838 743 3887 eodem
756 3836 828 3887 modo
839 3838 909 3886 loeu—
934 3839 1033 3889 codex:
1052 3837 1077 3890 ού
1093 3859 1134 3904 μοι
1150 3842 1217 3904 μέλει
1236 3842 1359 3899 τοιούτων,
1375 3839 1418 3896 ὅσα
1433 3846 1472 3887 καὶ

372 3928 411 3971 tus
419 3928 457 3971 est
466 3919 541 3984 paulo
547 3918 660 3984 superius
670 3916 732 3966 Dial.
740 3933 765 3980 p.
780 3919 839 3965 ἵππι’
848 3918 908 3973 δῆτα
934 3922 1068 3987 βούλονται.

372 4005 411 4049 τὸν
434 3998 565 4063 ἀδάμαντα
587 4002 601 4054 ἡ
623 3999 688 4065 ρύοις
713 3997 908 4065 δεδημιούρρηκεν
970 3995 1149 4056 ³Malim‚errei
1166 3998 1187 4046 δ’
1202 3997 1242 4046 οὐκ
1260 3998 1473 4050 ἐπείθοντο,κτεί·

372 4077 488 4128 ἀκαύστου
502 4082 541 4126 καὶ
558 4082 599 4126 τοῦ
613 4081 741 4143 παμροίγου
758 4083 829 4143 πυρὸς
845 4076 908 4140 ὕψη·
936 4088 1009 4125 νουσα
1018 4076 1069 4132 vel,
1080 4079 1130 4125 ἐπεὶ
1139 4077 1160 4124 δ’
1170 4075 1210 4124 οὐκ
1220 4075 1321 4131 ἔπειθον,
1333 4079 1470 4122 κτείνονται.

336 4195 338 4199 ,
372 4159 473 4222 ide-epam
484 4154 629 4218 Corrigendi
641 4154 757 4219 impetum
769 4154 870 4203 alterum
883 4155 908 4204 id
968 4149 1044 4202 *hit’
1058 4154 1132 4216 ἄττα]
1145 4153 1180 4201 sic
1197 4169 1223 4217 p.
1240 4155 1302 4213 206,
1321 4154 1348 4199 14
1365 4172 1370 4200 z
1386 4153 1471 4220 βραχέ’

371 4232 513 4298 exemplum
540 4232 665 4282 retardare
691 4233 791 4296 poterit.
814 4232 908 4281 Addam
935 4233 1009 4282 ἄττα.
1021 4230 1083 4280 Vide
1097 4248 1123 4295 ρ.
1138 4233 1198 4289 188,
1216 4247 1242 4278 n.
1263 4233 1286 4279 l.
1302 4230 1412 4296 Epistola
1425 4230 1470 4279 So-

372 4311 908 4381 doeatdreposvixpotuissea'l’heophyiaeto
936 4311 1027 4360 eratica
1052 4312 1099 4368 23,
1127 4327 1151 4373 p.
1183 4309 1214 4357 29
1236 4328 1242 4357 ι
1269 4312 1334 4358 πολλ’
1361 4310 1470 4359 ἅττα...

372 4388 462 4450 scribi,
487 4387 633 4438 vocabulum
654 4404 754 4453 prorsus
775 4388 906 4437 insolitum.
936 4390 987 4439 ἀλλ’
1009 4390 1082 4441 ἄττα.
1105 4387 1181 4437 Recte
1205 4388 1285 4437 codex
1310 4403 1364 4438 cum
1389 4390 1470 4448 tenui,

372 4467 525 4520 Probabilier
539 4467 616 4527 toret,
631 4466 656 4517 ni
677 4467 757 4528 fallor,
773 4466 907 4527 eorrectio,
935 4467 1005 4517 ἄττα,
