3684 5659
385 632 457 702 254
723 639 818 699 ΦΙΛΗ
845 641 907 700 ΕΙΣ
934 639 1142 701 ΠΛΧΥΜΕΡΗ

532 777 715 866 συνηγόρους
733 776 768 839 διν
787 771 869 862 εἶχον
887 773 973 848 εὐθὺς
989 772 1058 849 τοὺς
1075 772 1199 863 λόγους,

531 888 571 962 ὡς
588 888 639 950 καὶ
658 881 763 960 τινοῆς1
781 893 942 976 κιρνῶντας
962 883 1049 973 ἰσχὺν
1066 893 1128 960 τοῖς
1144 884 1263 960 τύποις·

453 1038 456 1043 -
533 996 593 1061 ἐπεὶ
613 992 646 1060 δὲ
663 992 736 1060 σοῦ’
753 995 908 1077 Θανόντος,
929 989 953 1058 ὦ
971 990 1160 1073 διδάσκαλε,

532 1103 657 1171 δοκοῦσι
673 1107 774 1193 νεκραὶ
792 1112 850 1168 τῶν
864 1103 960 1196 λόγων
977 1105 1009 1168 αἱ
1026 1108 1167 1194 χάριτες,

530 1213 656 1282 δέδοικα
674 1217 714 1302 μὴ
733 1210 919 1305 δύςφραστον
939 1219 1056 1290 εἱςοίσω
1073 1218 1178 1307 κρότον

528 1324 615 1419 ἀνδρὶ
635 1333 761 1415 σοφιστῇ
779 1326 830 1389 καὶ
849 1328 953 1390 παθῶν
970 1325 1125 1417 ἐλευθέρῳ.

528 1439 607 1508 Πλὴν
626 1433 668 1501 εἰ3
683 1437 791 1524 περιὼν
809 1432 839 1510 ἐξ
857 1434 970 1524 ἀτύφου
988 1430 1118 1525 καρδίας

527 1553 578 1616 καὶ
597 1557 655 1613 τῶν
673 1548 798 1634 ἀμαθῶν
815 1555 883 1621 ταῖς
900 1556 1032 1636 γραφαῖς
1051 1546 1235 1639 ἑπεκρότεις,

529 1664 569 1736 ὡς
587 1662 624 1725 όιν
642 1656 725 1748 ἔχοιἢ
740 1659 891 1747 πρόθυμον
908 1659 927 1726 ἡ
945 1657 1032 1748 φύσις
1052 1653 1175 1748 δρόμον,

528 1778 577 1835 νύν
596 1772 688 1860 τοίφον
705 1772 794 1832 οἰκῶν
811 1768 862 1830 καὶ
881 1775 969 1856 σιγῆς
986 1767 1066 1844 λίθον
1082 1767 1208 1859 στέγων,

528 1885 579 1947 καὶ
599 1879 723 1966 βιόλίων
741 1882 848 1968 ἔρημον
867 1875 959 1968 εὑρὼν
976 1877 1127 1964 πυθμένα,

525 2001 588 2067 πῶς
606 1993 642 2055 ἂν
659 1988 731 2079 παρ’
751 1984 837 2052 οὐδὲν
853 1986 922 2064 τούς
940 1987 1028 2075 ἐμούς
1044 1987 1148 2080 eiyoig³
1165 1991 1291 2082 λόγους,
1441 1999 1476 2058 15

530 2105 581 2167 καὶ
601 2107 698 2165 ταῦτα
716 2104 823 2191 μικροῦ
843 2100 898 2168 σὴν
915 2097 1130 2177 τελευτῶντας6
1146 2106 1255 2194 χόριν;

525 2195 613 2296 dli,
632 2208 656 2277 ὦ
674 2207 802 2293 πόλειςῗ,
822 2212 953 2275 πενθεῖτε
971 2220 1053 2300 κοινῇ
1070 2211 1140 2288 τούς
1156 2215 1278 2300 νόμους.

523 2306 562 2389 t0
579 2325 638 2414 γὰρ
656 2317 992 2412 ιταρ”ιι“ιμῖν“ἐι’νσεύὴς9
1009 2323 1199 2408 Δημοσθένης

525 2443 579 2511 τῆς
596 2439 753 2526 ῥητορικῆς
771 2430 805 2497 ού
823 2431 963 2497 σκαλεύει
982 2433 1034 2502 τὴν
1052 2432 1164 2524 φλόγα.

524 2543 599 2617 Μύι10
615 2545 725 2636 χερσός
745 2544 843 2634 ὀφθεὶς
859 2549 917 2606 τῶν
934 2537 1087 2607 δικαστῶν
1104 2544 1119 2606 ὁ
1139 2547 1241 2634 Θρόνος
1437 2555 1475 2611 20

409 2746 417 2771 ¹
429 2745 501 2807 Cod,
514 2753 595 2801 πνοήν.
609 2742 698 2798 cdiii..
712 2752 791 2799 πνοῆς.
801 2767 830 2776 -
843 2759 854 2784 ι
865 2740 910 2790 Pro
939 2740 980 2789 illa
994 2741 1017 2789 in
1032 2741 1105 2802 sede,
1117 2758 1148 2792 ne
1163 2743 1244 2794 Philes
1255 2746 1355 2811 quidem
1368 2749 1426 2799 velit
1437 2765 1475 2800 ac·

375 2831 454 2882 πνοήν,
472 2825 571 2872 omnino
589 2832 669 2878 πνοῆς.
688 2821 731 2868 Est
747 2830 827 2868 autem
846 2823 910 2882 ἰσχὺς
938 2817 1030 2883 cipere.
1058 2819 1150 2885 Recepi
1180 2823 1292 2873 codicum
1319 2827 1473 2891 scripturam.

376 2912 444 2957 πνοῆς
459 2901 558 2964 spiritus
573 2900 697 2963 poeticus,
714 2909 737 2947 ct
750 2898 813 2946 vires
826 2913 909 2946 nume·
937 2896 1075 2947 Pronomen
1089 2909 1129 2955 σήν
1140 2902 1231 2965 optime
1243 2902 1328 2953 habet.
1341 2905 1389 2954 Pro
1399 2911 1474 2956 τελευ-

375 2995 456 3028 rorum
472 2995 531 3043 quas
550 2979 598 3026 suis
616 2977 739 3036 versibus,
760 2992 832 3042 quum
850 2977 910 3024 nolit
939 2987 1027 3033 τῶντας
1039 2979 1140 3028 sortasse
1151 2984 1314 3039 τελιιοῡνταςι
1330 2984 1473 3049 «quomodo

374 3074 428 3107 csse
447 3057 574 3120 languidos
592 3067 616 3105 et
633 3055 755 3113 elumbes,
774 3054 805 3103 ab
823 3057 909 3105 erudi·
938 3070 990 3103 mea
1000 3072 1045 3119 pro
1057 3057 1132 3106 nihilo
1143 3059 1218 3109 verba
1229 3060 1315 3120 duces,
1326 3061 1402 3128 idque
1411 3074 1472 3113 tuam

374 3138 440 3185 tione
449 3145 575 3199 exspectat
585 3134 732 3183 »,Wnnnsu.
743 3134 794 3182 lmo
803 3136 911 3198 persistit
937 3132 1012 3180 icrme
1021 3147 1191 3185 consecrantes
1200 3140 1313 3201 gratiam,
1325 3149 1391 3190 tuam
1401 3141 1473 3190 ferme

374 3217 398 3263 in
413 3216 517 3278 imagine
532 3214 603 3277 primi
618 3229 709 3261 versus.
724 3219 856 3282 Ζωφροιφεῖν
872 3220 910 3263 θέ-
936 3216 1323 3280 consecrantesetinaugurantes
1335 3219 1433 3269 laudem
1443 3223 1472 3267 r?

374 3298 418 3341 λων
433 3308 486 3341 esse
501 3307 527 3340 so
542 3292 661 3355 pictorem
678 3291 760 3354 lingit,
777 3302 801 3339 et
816 3293 910 3341 oratio·
970 3287 979 3312 ⁷
994 3290 1057 3338 Edd.
1070 3291 1103 3349 B,
1120 3299 1206 3350 πόλεις.
1222 3294 1259 3353 Α,
1272 3299 1350 3353 πόλις.
1369 3284 1373 3291 ’

374 3387 428 3420 nem
445 3370 478 3419 ait
491 3371 562 3419 vitam
579 3385 633 3418 cum
645 3369 732 3434 spiritu
743 3369 815 3433 pictae
829 3370 910 3420 infun·
969 3372 978 3396 ⁸
995 3368 1070 3427 Edd.,
1086 3371 1150 3435 ὑμῖν.
1164 3372 1252 3428 Codd.,
1268 3380 1335 3437 ἡμῖν.

373 3450 431 3499 dere
443 3465 515 3513 posse
527 3448 623 3498 tabulae.
969 3450 1107 3507 9Ειῦσεεής,
1127 3449 1272 3500 christianus
1290 3453 1395 3502 scilicet.
1414 3451 1472 3502 Vide

406 3527 415 3552 ²
432 3528 496 3577 Edd.
513 3530 537 3576 δέ
547 3547 595 3577 σου.
609 3527 687 3576 Codd.
701 3530 725 3578 δὲ
735 3537 782 3579 σού.
935 3547 959 3579 n.
973 3529 1005 3578 ad
1017 3527 1171 3588 Choricium‚
1187 3546 1213 3592 p.
1225 3528 1276 3593 viij.

407 3607 416 3632 ³
432 3607 496 3655 Edd.
509 3610 539 3655 εἰ.
557 3609 591 3666 Α,
607 3612 644 3662 ὡς.
660 3608 692 3660 Β,
705 3612 736 3657 εἰ.
969 3607 991 3633 ‘⁰
1006 3605 1205 3668 Wc'rnsdorfius‚
1222 3617 1255 3672 μὴ
1274 3608 1382 3658 reddens
1401 3609 1472 3659 latina

407 3683 496 3731 ⁴an
513 3685 685 3747 ipen-Post
699 3687 783 3749 longas
796 3685 909 3749 ambages
936 3686 1064 3749 negatione
1089 3701 1152 3743 κοιι,
1179 3702 1253 3750 quum
1280 3702 1331 3736 non
1357 3689 1472 3737 inveniret

372 3761 523 3810 Wernsdorf.
542 3782 547 3809 :
567 3780 578 3805 ι
598 3763 635 3810 An
657 3764 754 3812 tandem
778 3764 907 3827 legendnm
934 3765 1080 3814 sententiam
1093 3766 1402 3829 quaerecteprocederet,
1415 3781 1472 3831 pro-

372 3841 432 3900 erit,
451 3845 479 3896 ὡς
495 3843 522 3890 ἂν
535 3841 599 3904 ἔχοι·
617 3856 647 3890 eo
662 3843 764 3891 consilio
776 3854 802 3891 ut
813 3843 908 3906 ingenia
934 3846 1003 3909 ponit
1012 3843 1140 3907 legendum
1151 3853 1199 3893 καί.
1210 3844 1244 3903 Β,
1255 3852 1298 3908 μή.
1309 3845 1343 3905 Α,
1357 3851 1409 3910 μὴ’,
1420 3861 1471 3894 cum

371 3920 535 3969 excitarentur
551 3930 576 3968 et
589 3920 703 3988 alacriter
717 3922 834 3970 auderent
847 3922 909 3971 scri·
935 3924 1025 3987 duplici
1047 3933 1163 3979 accentu,
1185 3933 1209 3971 et
1228 3930 1316 3992 βάτον;
1336 3924 1472 3989 interroga·

371 3999 430 4048 bere
442 4018 464 4048 ν.
478 3998 555 4048 Codd.
570 3999 630 4063 ἔχοι.
935 4001 992 4050 live.
1006 4002 1037 4050 Et
1052 4001 1077 4049 id
1087 4012 1163 4051 recte.
1179 4002 1238 4050 Nam
1253 4009 1293 4066 μὴ’
1312 4018 1369 4053 cum
1384 4002 1470 4068 duplici

406 4079 490 4127 ⁶an
507 4079 536 4140 B,
550 4080 622 4142 ἄγεις.
636 4078 748 4140 Amineas
769 4077 834 4142 quod
847 4093 909 4142 pro·
935 4089 1038 4130 accentu
1047 4080 1174 4144 scripsisse
1183 4080 1294 4130 librarios
1305 4081 1472 4131 animadvertit

371 4156 478 4219 ponebat
492 4157 645 4207 Wernsdorl.
935 4169 1071 4223 opportune
1079 4158 1216 4208 Schaeierus
1225 4160 1256 4208 ad
1264 4159 1368 4224 Gregor.
1377 4177 1404 4226 p.
1416 4162 1469 4214 etl,

405 4233 414 4257 ⁶
433 4234 495 4282 Edd.
510 4244 594 4302 μικροῦ
609 4238 803 4292 ονντελεντῶντας
814 4258 838 4299 χ.
850 4234 908 4283 Pro·
935 4239 1098 4301 distinguendi
1112 4253 1184 4288 causa
1197 4248 1230 4304 μὴ
1245 4240 1445 4304 interrogativum
1459 4255 1471 4285 a

372 4310 441 4372 ponit
453 4309 506 4369 W.,
523 4322 562 4361 καὶ
579 4320 655 4363 ταῦτα
673 4334 707 4363 σοι
725 4321 811 4381 μικρὰν
827 4333 907 4363 ονντε-
935 4317 1116 4379 conjunctione.
1130 4318 1191 4366 Sunt
1203 4329 1226 4367 et
1240 4319 1286 4368 alia
1301 4319 1419 4369 vocabula
1430 4318 1470 4366 du·

373 4392 466 4444 ιοῡντας
482 4412 518 4451 χ,,
535 4393 587 4447 vol,
605 4415 626 4439 ι.
641 4403 718 4442 ταῦτα
734 4394 758 4442 οὐ
773 4398 858 4461 μικράν
872 4412 906 4441 σοι
934 4394 991 4457 plici
1014 4411 1185 4460 nonnunquam
1209 4412 1222 4444 a
1245 4397 1350 4446 librariis
1370 4406 1469 4446 accentu

372 4470 494 4523 τελοῦντας
506 4490 530 4530 χ.
543 4468 592 4517 Sed
603 4470 707 4532 syllabas
721 4491 800 4530 ουντε,
817 4492 852 4521 σοι
865 4491 903 4525 τε.
933 4475 1040 4536 signata,
1056 4476 1098 4533 οἷ’ν,
1113 4476 1181 4538 μέν,
1198 4477 1241 4525 δι”.
1259 4475 1328 4536 Quod
1341 4477 1423 4526 vidcrc
1435 4485 1466 4523 est
