<?xml version="1.0" encoding="UTF-8"?>
<!DOCTYPE html PUBLIC "-//W3C//DTD XHTML 1.0 Transitional//EN"
    "http://www.w3.org/TR/xhtml1/DTD/xhtml1-transitional.dtd">
<html xmlns="http://www.w3.org/1999/xhtml" xml:lang="en" lang="en">
 <head>
  <title>
</title>
<meta http-equiv="Content-Type" content="text/html;charset=utf-8" />
  <meta name='ocr-system' content='tesseract 3.04.00' />
  <meta name='ocr-capabilities' content='ocr_page ocr_carea ocr_par ocr_line ocrx_word'/>
</head>
<body>
  <div class='ocr_page' id='page_1' title='image "./gpachymerisdecl00hiergoog_0106.png"; bbox 0 0 3684 5659; ppageno 0'>
   <div class='ocr_carea' id='block_1_1' title="bbox 761 629 1179 691">
    <p class='ocr_par' dir='ltr' id='par_1_1' title="bbox 761 629 1179 691">
     <span class='ocr_line' id='line_1_1' title="bbox 761 629 1179 691; baseline 0 -2"><span class='ocrx_word' id='word_1_1' title='bbox 761 632 795 690; x_wconf 91' lang='grc' dir='ltr'>Γ.</span> <span class='ocrx_word' id='word_1_2' title='bbox 825 631 899 691; x_wconf 85' lang='grc' dir='ltr'>ΤΟΥ</span> <span class='ocrx_word' id='word_1_3' title='bbox 923 629 1179 691; x_wconf 82' lang='grc' dir='ltr'><strong>ΠΑΧΥΜΕΡΟΥΣ</strong></span> 
     </span>
    </p>
   </div>
   <div class='ocr_carea' id='block_1_2' title="bbox 808 1015 1171 1132">
    <p class='ocr_par' dir='ltr' id='par_1_2' title="bbox 808 1015 1171 1132">
     <span class='ocr_line' id='line_1_2' title="bbox 808 1015 1171 1132; baseline -0.008 -19"><span class='ocrx_word' id='word_1_4' title='bbox 808 1026 1043 1114; x_wconf 75' lang='grc' dir='ltr'><strong>ΜΕΛΕΤΗ</strong></span> <span class='ocrx_word' id='word_1_5' title='bbox 1071 1015 1132 1111; x_wconf 81' lang='lat' dir='ltr'>o&#39;.</span> <span class='ocrx_word' id='word_1_6' title='bbox 1167 1125 1171 1132; x_wconf 48' lang='grc'>,</span> 
     </span>
    </p>
   </div>
   <div class='ocr_carea' id='block_1_3' title="bbox 427 1262 1521 1545">
    <p class='ocr_par' dir='ltr' id='par_1_3' title="bbox 427 1262 1521 1545">
     <span class='ocr_line' id='line_1_3' title="bbox 427 1262 1521 1355; baseline 0.001 -22"><span class='ocrx_word' id='word_1_7' title='bbox 427 1266 463 1333; x_wconf 67' lang='grc' dir='ltr'>ἐν</span> <span class='ocrx_word' id='word_1_8' title='bbox 487 1285 573 1355; x_wconf 83' lang='grc' dir='ltr'>τρισὶν</span> <span class='ocrx_word' id='word_1_9' title='bbox 595 1282 701 1355; x_wconf 77' lang='grc' dir='ltr'>ἡμέραις</span> <span class='ocrx_word' id='word_1_10' title='bbox 726 1282 801 1351; x_wconf 85' lang='grc' dir='ltr'>νόμος</span> <span class='ocrx_word' id='word_1_11' title='bbox 834 1275 930 1330; x_wconf 85' lang='grc' dir='ltr'>ἐκέλευε</span> <span class='ocrx_word' id='word_1_12' title='bbox 954 1281 1015 1351; x_wconf 83' lang='grc' dir='ltr'>περὶ</span> <span class='ocrx_word' id='word_1_13' title='bbox 1038 1274 1150 1349; x_wconf 89' lang='grc' dir='ltr'>πολέμου</span> <span class='ocrx_word' id='word_1_14' title='bbox 1177 1274 1364 1350; x_wconf 80' lang='grc' dir='ltr'>βουλεύεσθαι,</span> <span class='ocrx_word' id='word_1_15' title='bbox 1391 1262 1521 1334; x_wconf 62' lang='grc' dir='ltr'>ἐλάσειαν</span> 
     </span>
     <span class='ocr_line' id='line_1_4' title="bbox 465 1366 1521 1447; baseline 0 -19"><span class='ocrx_word' id='word_1_16' title='bbox 465 1379 652 1446; x_wconf 81' lang='grc' dir='ltr'>κατασχόντος</span> <span class='ocrx_word' id='word_1_17' title='bbox 665 1371 804 1427; x_wconf 79' lang='grc' dir='ltr'>Φιλίππου.</span> <span class='ocrx_word' id='word_1_18' title='bbox 824 1369 992 1444; x_wconf 77' lang='grc' dir='ltr'>Συμθουλευει</span> <span class='ocrx_word' id='word_1_19' title='bbox 1009 1366 1188 1444; x_wconf 76' lang='grc' dir='ltr'>Δημοσθένης1</span> <span class='ocrx_word' id='word_1_20' title='bbox 1202 1370 1347 1447; x_wconf 79' lang='grc' dir='ltr'>αὒθήμερον</span> <span class='ocrx_word' id='word_1_21' title='bbox 1362 1371 1457 1435; x_wconf 79' lang='grc' dir='ltr'><strong>ἐξιέναι</strong></span> <span class='ocrx_word' id='word_1_22' title='bbox 1475 1379 1521 1427; x_wconf 86' lang='grc' dir='ltr'>καὶ</span> 
     </span>
     <span class='ocr_line' id='line_1_5' title="bbox 465 1470 615 1545; baseline -0.013 -20"><span class='ocrx_word' id='word_1_23' title='bbox 465 1470 615 1545; x_wconf 78' lang='grc' dir='ltr'>μάχεσθαι.</span> 
     </span>
    </p>
   </div>
   <div class='ocr_carea' id='block_1_4' title="bbox 424 1640 1526 3733">
    <p class='ocr_par' dir='ltr' id='par_1_4' title="bbox 424 1640 1526 3733">
     <span class='ocr_line' id='line_1_6' title="bbox 473 1640 1522 1754; baseline 0.001 -28"><span class='ocrx_word' id='word_1_24' title='bbox 473 1657 561 1752; x_wconf 73' lang='lat' dir='ltr'>llep&#39;t¹</span> <span class='ocrx_word' id='word_1_25' title='bbox 576 1660 693 1727; x_wconf 80' lang='grc' dir='ltr'>πολλῶν</span> <span class='ocrx_word' id='word_1_26' title='bbox 705 1666 756 1743; x_wconf 82' lang='grc' dir='ltr'>σίν,</span> <span class='ocrx_word' id='word_1_27' title='bbox 777 1640 977 1744; x_wconf 79' lang='grc' dir='ltr'>ὦᾸθηναῖοι,</span> <span class='ocrx_word' id='word_1_28' title='bbox 998 1661 1109 1746; x_wconf 80' lang='grc' dir='ltr'>νομίζω</span> <span class='ocrx_word' id='word_1_29' title='bbox 1124 1664 1281 1752; x_wconf 80' lang='grc' dir='ltr'>προςήκειν</span> <span class='ocrx_word' id='word_1_30' title='bbox 1295 1660 1365 1749; x_wconf 85' lang='grc' dir='ltr'>ὑμῖν</span> <span class='ocrx_word' id='word_1_31' title='bbox 1380 1667 1434 1726; x_wconf 81' lang='grc' dir='ltr'>τοῦ</span> <span class='ocrx_word' id='word_1_32' title='bbox 1447 1663 1522 1754; x_wconf 83' lang='grc' dir='ltr'>πρθς</span> 
     </span>
     <span class='ocr_line' id='line_1_7' title="bbox 425 1767 1521 1864; baseline 0.002 -26"><span class='ocrx_word' id='word_1_33' title='bbox 425 1774 613 1839; x_wconf 85' lang='grc' dir='ltr'>Φίλιππον’</span> <span class='ocrx_word' id='word_1_34' title='bbox 595 1797 678 1862; x_wconf 76' lang='grc' dir='ltr'>αγων</span> <span class='ocrx_word' id='word_1_35' title='bbox 680 1767 832 1847; x_wconf 52' lang='lat' dir='ltr'>{Nauem</span> <span class='ocrx_word' id='word_1_36' title='bbox 859 1769 892 1834; x_wconf 82' lang='grc' dir='ltr'>οὐ</span> <span class='ocrx_word' id='word_1_37' title='bbox 916 1772 1005 1857; x_wconf 87' lang='grc' dir='ltr'>μόνον</span> <span class='ocrx_word' id='word_1_38' title='bbox 1026 1772 1086 1862; x_wconf 77' lang='grc' dir='ltr'>γὰρ</span> <span class='ocrx_word' id='word_1_39' title='bbox 1109 1770 1154 1836; x_wconf 84' lang='grc' dir='ltr'>ὅτι</span> <span class='ocrx_word' id='word_1_40' title='bbox 1177 1773 1211 1837; x_wconf 85' lang='grc' dir='ltr'>τὸ</span> <span class='ocrx_word' id='word_1_41' title='bbox 1234 1772 1319 1864; x_wconf 75' lang='grc' dir='ltr'>γένος</span> <span class='ocrx_word' id='word_1_42' title='bbox 1338 1767 1521 1845; x_wconf 82' lang='grc' dir='ltr'>διήλλακται</span> 
     </span>
     <span class='ocr_line' id='line_1_8' title="bbox 424 1865 1522 1974; baseline 0.002 -26.043"><span class='ocrx_word' id='word_1_43' title='bbox 424 1909 498 1974; x_wconf 89' lang='grc' dir='ltr'>προς</span> <span class='ocrx_word' id='word_1_44' title='bbox 511 1909 590 1970; x_wconf 87' lang='grc' dir='ltr'>υμας</span> <span class='ocrx_word' id='word_1_45' title='bbox 604 1890 729 1965; x_wconf 87' lang='grc' dir='ltr'>εκεῖνος,</span> <span class='ocrx_word' id='word_1_46' title='bbox 748 1906 799 1944; x_wconf 87' lang='grc' dir='ltr'>και</span> <span class='ocrx_word' id='word_1_47' title='bbox 790 1877 856 1965; x_wconf 79' lang='grc' dir='ltr'>βα</span> <span class='ocrx_word' id='word_1_48' title='bbox 849 1878 958 1972; x_wconf 73' lang='grc' dir='ltr'>’ρθαρα</span> <span class='ocrx_word' id='word_1_49' title='bbox 970 1883 1028 1952; x_wconf 75' lang='grc' dir='ltr'>ἤθη</span> <span class='ocrx_word' id='word_1_50' title='bbox 1043 1882 1098 1947; x_wconf 82' lang='grc' dir='ltr'>οὐκ</span> <span class='ocrx_word' id='word_1_51' title='bbox 1112 1883 1149 1948; x_wconf 81' lang='grc' dir='ltr'>ἂν</span> <span class='ocrx_word' id='word_1_52' title='bbox 1163 1865 1338 1960; x_wconf 70' lang='grc' dir='ltr'>Ιθλληνικοῖς</span> <span class='ocrx_word' id='word_1_53' title='bbox 1354 1883 1522 1950; x_wconf 81' lang='grc' dir='ltr'>συνέλθοιεν</span> 
     </span>
     <span class='ocr_line' id='line_1_9' title="bbox 424 1987 1523 2123; baseline 0.003 -65"><span class='ocrx_word' id='word_1_54' title='bbox 424 1995 563 2083; x_wconf 88' lang='grc' dir='ltr'>τρόποις,</span> <span class='ocrx_word' id='word_1_55' title='bbox 579 1987 679 2057; x_wconf 75' lang='grc' dir='ltr'>οὐθ”’</span> <span class='ocrx_word' id='word_1_56' title='bbox 663 2015 726 2074; x_wconf 89' lang='grc' dir='ltr'>οτι,</span> <span class='ocrx_word' id='word_1_57' title='bbox 746 1988 814 2078; x_wconf 82' lang='grc' dir='ltr'>ὑμῖν</span> <span class='ocrx_word' id='word_1_58' title='bbox 832 1991 961 2123; x_wconf 84' lang='grc' dir='ltr'>ὁμορών,</span> <span class='ocrx_word' id='word_1_59' title='bbox 981 1991 1046 2056; x_wconf 90' lang='grc' dir='ltr'>ε’κ.</span> <span class='ocrx_word' id='word_1_60' title='bbox 1026 1995 1208 2084; x_wconf 83' lang='grc' dir='ltr'>προχείρου,</span> <span class='ocrx_word' id='word_1_61' title='bbox 1227 1993 1325 2059; x_wconf 82' lang='grc' dir='ltr'>ὅτανε</span> <span class='ocrx_word' id='word_1_62' title='bbox 1318 1990 1438 2079; x_wconf 55' lang='grc' dir='ltr'>’θέλοιζ</span> <span class='ocrx_word' id='word_1_63' title='bbox 1458 1994 1523 2061; x_wconf 87' lang='grc' dir='ltr'>ε’πι·</span> 
     </span>
     <span class='ocr_line' id='line_1_10' title="bbox 424 2041 1522 2196; baseline 0.004 -31"><span class='ocrx_word' id='word_1_64' title='bbox 424 2103 541 2167; x_wconf 78' lang='grc' dir='ltr'>τίθεται</span> <span class='ocrx_word' id='word_1_65' title='bbox 553 2102 605 2166; x_wconf 83' lang='grc' dir='ltr'>καί</span> <span class='ocrx_word' id='word_1_66' title='bbox 621 2107 724 2176; x_wconf 82' lang='grc' dir='ltr'>κακῶς</span> <span class='ocrx_word' id='word_1_67' title='bbox 737 2109 815 2164; x_wconf 88' lang='grc' dir='ltr'>ποιεῖ</span> <span class='ocrx_word' id='word_1_68' title='bbox 827 2101 867 2164; x_wconf 78' lang='grc' dir='ltr'>τὰ</span> <span class='ocrx_word' id='word_1_69' title='bbox 880 2099 1023 2192; x_wconf 87' lang='grc' dir='ltr'>ημέτερα·</span> <span class='ocrx_word' id='word_1_70' title='bbox 1037 2098 1137 2167; x_wconf 80' lang='grc' dir='ltr'>ἀλλ’</span> <span class='ocrx_word' id='word_1_71' title='bbox 1120 2126 1179 2186; x_wconf 88' lang='grc' dir='ltr'>οτι,</span> <span class='ocrx_word' id='word_1_72' title='bbox 1195 2103 1262 2187; x_wconf 90' lang='grc' dir='ltr'>καί,</span> <span class='ocrx_word' id='word_1_73' title='bbox 1279 2102 1320 2178; x_wconf 75' lang='grc' dir='ltr'>ὥς</span> <span class='ocrx_word' id='word_1_74' title='bbox 1331 2126 1399 2168; x_wconf 91' lang='grc' dir='ltr'>τινα</span> <span class='ocrx_word' id='word_1_75' title='bbox 1411 2041 1522 2196; x_wconf 80' lang='grc' dir='ltr'>κλῆρον</span> 
     </span>
     <span class='ocr_line' id='line_1_11' title="bbox 424 2190 1522 2341; baseline 0.002 -65"><span class='ocrx_word' id='word_1_76' title='bbox 424 2214 510 2303; x_wconf 84' lang='grc' dir='ltr'>παρὰ</span> <span class='ocrx_word' id='word_1_77' title='bbox 530 2211 644 2341; x_wconf 83' lang='grc' dir='ltr'>πατρὸς</span> <span class='ocrx_word' id='word_1_78' title='bbox 665 2190 800 2297; x_wconf 79' lang='grc' dir='ltr'>Ᾰμύντου</span> <span class='ocrx_word' id='word_1_79' title='bbox 823 2208 968 2275; x_wconf 70' lang='grc' dir='ltr'>λαθὼν</span> <span class='ocrx_word' id='word_1_80' title='bbox 940 2235 974 2274; x_wconf 89' lang='grc' dir='ltr'>το</span> <span class='ocrx_word' id='word_1_81' title='bbox 990 2212 1061 2337; x_wconf 75' lang='grc' dir='ltr'>ἡμῖν</span> <span class='ocrx_word' id='word_1_82' title='bbox 1078 2209 1344 2298; x_wconf 77' lang='grc' dir='ltr'>ε’πιθουλεύειν,’</span> <span class='ocrx_word' id='word_1_83' title='bbox 1316 2237 1351 2279; x_wconf 90' lang='grc' dir='ltr'>ου</span> <span class='ocrx_word' id='word_1_84' title='bbox 1370 2208 1522 2279; x_wconf 80' lang='grc' dir='ltr'>διαλείπει</span> 
     </span>
     <span class='ocr_line' id='line_1_12' title="bbox 425 2318 1522 2410; baseline 0.003 -26"><span class='ocrx_word' id='word_1_85' title='bbox 425 2326 474 2387; x_wconf 81' lang='grc' dir='ltr'>νῦν</span> <span class='ocrx_word' id='word_1_86' title='bbox 492 2344 544 2408; x_wconf 88' lang='grc' dir='ltr'>μεν</span> <span class='ocrx_word' id='word_1_87' title='bbox 560 2319 671 2390; x_wconf 82' lang='grc' dir='ltr'>ταύτην</span> <span class='ocrx_word' id='word_1_88' title='bbox 687 2319 740 2389; x_wconf 73' lang='grc' dir='ltr'>τὴν</span> <span class='ocrx_word' id='word_1_89' title='bbox 756 2318 860 2410; x_wconf 85' lang='grc' dir='ltr'>χώραν</span> <span class='ocrx_word' id='word_1_90' title='bbox 877 2319 1091 2409; x_wconf 82' lang='grc' dir='ltr'>καταστρέφων</span> <span class='ocrx_word' id='word_1_91' title='bbox 1108 2319 1142 2384; x_wconf 85' lang='grc' dir='ltr'>ἐκ</span> <span class='ocrx_word' id='word_1_92' title='bbox 1158 2322 1211 2386; x_wconf 82' lang='grc' dir='ltr'>τόῦ</span> <span class='ocrx_word' id='word_1_93' title='bbox 1227 2322 1280 2391; x_wconf 76' lang='grc' dir='ltr'>τὴν</span> <span class='ocrx_word' id='word_1_94' title='bbox 1295 2321 1418 2387; x_wconf 86' lang='grc' dir='ltr'>πόλιν’</span> <span class='ocrx_word' id='word_1_95' title='bbox 1399 2330 1522 2406; x_wconf 79' lang='grc' dir='ltr'>απατᾷν</span> 
     </span>
     <span class='ocr_line' id='line_1_13' title="bbox 427 2425 1523 2566; baseline 0.003 -70"><span class='ocrx_word' id='word_1_96' title='bbox 427 2433 479 2497; x_wconf 81' lang='grc' dir='ltr'>καί</span> <span class='ocrx_word' id='word_1_97' title='bbox 506 2426 743 2523; x_wconf 86' lang='grc' dir='ltr'>παρασπονθεῖυ,</span> <span class='ocrx_word' id='word_1_98' title='bbox 771 2434 820 2494; x_wconf 81' lang='grc' dir='ltr'>νῦν</span> <span class='ocrx_word' id='word_1_99' title='bbox 850 2425 921 2493; x_wconf 79' lang='grc' dir='ltr'>δ”</span> <span class='ocrx_word' id='word_1_100' title='bbox 909 2431 1035 2512; x_wconf 88' lang='grc' dir='ltr'>εκείνην,</span> <span class='ocrx_word' id='word_1_101' title='bbox 1064 2430 1105 2504; x_wconf 85' lang='grc' dir='ltr'>ὡς</span> <span class='ocrx_word' id='word_1_102' title='bbox 1131 2430 1244 2517; x_wconf 83' lang='grc' dir='ltr'>μᾶλλον</span> <span class='ocrx_word' id='word_1_103' title='bbox 1269 2430 1427 2566; x_wconf 85' lang='grc' dir='ltr'>συμφέρειν</span> <span class='ocrx_word' id='word_1_104' title='bbox 1453 2430 1523 2522; x_wconf 87' lang='grc' dir='ltr'>ὑμῖν</span> 
     </span>
     <span class='ocr_line' id='line_1_14' title="bbox 428 2540 1523 2636; baseline 0.003 -29"><span class='ocrx_word' id='word_1_105' title='bbox 428 2542 534 2636; x_wconf 85' lang='grc' dir='ltr'>ἐχθρὸν</span> <span class='ocrx_word' id='word_1_106' title='bbox 556 2542 670 2634; x_wconf 79' lang='grc' dir='ltr'>ἐμφανῆ</span> <span class='ocrx_word' id='word_1_107' title='bbox 687 2568 706 2612; x_wconf 91' lang='grc' dir='ltr'>η</span> <span class='ocrx_word' id='word_1_108' title='bbox 691 2541 842 2632; x_wconf 85' lang='grc' dir='ltr'>φίλον’</span> <span class='ocrx_word' id='word_1_109' title='bbox 825 2565 905 2630; x_wconf 90' lang='grc' dir='ltr'>εχειν</span> <span class='ocrx_word' id='word_1_110' title='bbox 925 2540 1029 2606; x_wconf 81' lang='grc' dir='ltr'>αὐτόν</span> <span class='ocrx_word' id='word_1_111' title='bbox 1049 2543 1109 2605; x_wconf 83' lang='grc' dir='ltr'>Καὶ</span> <span class='ocrx_word' id='word_1_112' title='bbox 1127 2544 1253 2607; x_wconf 78' lang='grc' dir='ltr'>πάντοτε</span> <span class='ocrx_word' id='word_1_113' title='bbox 1273 2543 1371 2613; x_wconf 86' lang='grc' dir='ltr'>τοίνυν</span> <span class='ocrx_word' id='word_1_114' title='bbox 1391 2542 1426 2607; x_wconf 83' lang='grc' dir='ltr'>τὸ</span> <span class='ocrx_word' id='word_1_115' title='bbox 1447 2545 1523 2635; x_wconf 81' lang='grc' dir='ltr'>πρὸς</span> 
     </span>
     <span class='ocr_line' id='line_1_15' title="bbox 428 2631 1521 2783; baseline 0.002 -67"><span class='ocrx_word' id='word_1_116' title='bbox 428 2650 538 2718; x_wconf 81' lang='grc' dir='ltr'>ἐκεῖνον</span> <span class='ocrx_word' id='word_1_117' title='bbox 554 2653 684 2745; x_wconf 81' lang='grc' dir='ltr'>ἐκφέρειν</span> <span class='ocrx_word' id='word_1_118' title='bbox 700 2651 828 2783; x_wconf 81' lang='grc' dir='ltr'>πόλεμον</span> <span class='ocrx_word' id='word_1_119' title='bbox 847 2631 891 2717; x_wconf 77' lang='grc' dir='ltr'>Ᾰθ</span> <span class='ocrx_word' id='word_1_120' title='bbox 893 2653 1017 2726; x_wconf 89' lang='grc' dir='ltr'>ηναίους</span> <span class='ocrx_word' id='word_1_121' title='bbox 1036 2649 1184 2741; x_wconf 79' lang='grc' dir='ltr'>συμφέρον</span> <span class='ocrx_word' id='word_1_122' title='bbox 1200 2650 1304 2726; x_wconf 79' lang='grc' dir='ltr'>αὐτοῖς</span> <span class='ocrx_word' id='word_1_123' title='bbox 1321 2647 1383 2716; x_wconf 83' lang='grc' dir='ltr'>ίδοι</span> <span class='ocrx_word' id='word_1_124' title='bbox 1400 2677 1448 2730; x_wconf 86' lang='grc' dir='ltr'>τις</span> <span class='ocrx_word' id='word_1_125' title='bbox 1464 2661 1521 2740; x_wconf 83' lang='grc' dir='ltr'>ἄν,</span> 
     </span>
     <span class='ocr_line' id='line_1_16' title="bbox 430 2743 1524 2894; baseline 0.004 -67"><span class='ocrx_word' id='word_1_126' title='bbox 430 2788 488 2851; x_wconf 90' lang='grc' dir='ltr'>ουχ</span> <span class='ocrx_word' id='word_1_127' title='bbox 502 2767 614 2836; x_wconf 79' lang='grc' dir='ltr'>ἥκιστα</span> <span class='ocrx_word' id='word_1_128' title='bbox 631 2760 665 2828; x_wconf 80' lang='grc' dir='ltr'>θὲ</span> <span class='ocrx_word' id='word_1_129' title='bbox 689 2786 752 2848; x_wconf 86' lang='grc' dir='ltr'>νυν,</span> <span class='ocrx_word' id='word_1_130' title='bbox 772 2761 820 2828; x_wconf 81' lang='grc' dir='ltr'>ὅτε</span> <span class='ocrx_word' id='word_1_131' title='bbox 834 2761 950 2827; x_wconf 86' lang='grc' dir='ltr'>πόλιν’</span> <span class='ocrx_word' id='word_1_132' title='bbox 937 2786 970 2827; x_wconf 86' lang='grc' dir='ltr'>ειι</span> <span class='ocrx_word' id='word_1_133' title='bbox 986 2762 1155 2827; x_wconf 83' lang='grc' dir='ltr'>παλαιοῦ.</span> <span class='ocrx_word' id='word_1_134' title='bbox 1135 2765 1343 2894; x_wconf 80' lang='grc' dir='ltr'>πρρςήκουσαν</span> <span class='ocrx_word' id='word_1_135' title='bbox 1361 2743 1524 2842; x_wconf 75' lang='grc' dir='ltr'>Ᾰθηναίοις</span> 
     </span>
     <span class='ocr_line' id='line_1_17' title="bbox 429 2853 1524 2966; baseline 0.005 -30.005"><span class='ocrx_word' id='word_1_136' title='bbox 429 2898 481 2936; x_wconf 86' lang='grc' dir='ltr'>και</span> <span class='ocrx_word' id='word_1_137' title='bbox 501 2872 663 2961; x_wconf 85' lang='grc' dir='ltr'>σύμμαχον</span> <span class='ocrx_word' id='word_1_138' title='bbox 682 2865 770 2961; x_wconf 81' lang='grc' dir='ltr'>(τοὺς</span> <span class='ocrx_word' id='word_1_139' title='bbox 788 2897 847 2964; x_wconf 77' lang='grc' dir='ltr'>γαρ</span> <span class='ocrx_word' id='word_1_140' title='bbox 869 2853 997 2947; x_wconf 87' lang='grc' dir='ltr'>Ελατεῖς</span> <span class='ocrx_word' id='word_1_141' title='bbox 1015 2867 1119 2937; x_wconf 84' lang='grc' dir='ltr'>οίθατε</span> <span class='ocrx_word' id='word_1_142' title='bbox 1137 2875 1246 2948; x_wconf 78' lang='grc' dir='ltr'>πάντες</span> <span class='ocrx_word' id='word_1_143' title='bbox 1268 2873 1365 2941; x_wconf 84' lang='grc' dir='ltr'>ὁποῖοι</span> <span class='ocrx_word' id='word_1_144' title='bbox 1386 2874 1427 2938; x_wconf 85' lang='grc' dir='ltr'>τὰ</span> <span class='ocrx_word' id='word_1_145' title='bbox 1449 2877 1524 2966; x_wconf 86' lang='grc' dir='ltr'>πρὸς</span> 
     </span>
     <span class='ocr_line' id='line_1_18' title="bbox 429 2977 1523 3074; baseline 0.003 -27"><span class='ocrx_word' id='word_1_146' title='bbox 429 2985 529 3047; x_wconf 88' lang='grc' dir='ltr'>πίστιν</span> <span class='ocrx_word' id='word_1_147' title='bbox 546 2977 653 3071; x_wconf 65' lang='grc' dir='ltr'>ἡμῑνλ·</span> <span class='ocrx_word' id='word_1_148' title='bbox 674 2983 759 3047; x_wconf 87' lang='grc' dir='ltr'>πόλιν</span> <span class='ocrx_word' id='word_1_149' title='bbox 777 2988 938 3073; x_wconf 70' lang='grc' dir='ltr'>τοιγαροῦν</span> <span class='ocrx_word' id='word_1_150' title='bbox 954 2983 1109 3068; x_wconf 82' lang='grc' dir='ltr'>τοιαύτην,</span> <span class='ocrx_word' id='word_1_151' title='bbox 1129 2981 1174 3074; x_wconf 83' lang='grc' dir='ltr'>ἐφ’</span> <span class='ocrx_word' id='word_1_152' title='bbox 1194 2984 1332 3070; x_wconf 77' lang='grc' dir='ltr'>ἡμῖνκαὶ</span> <span class='ocrx_word' id='word_1_153' title='bbox 1351 2986 1442 3070; x_wconf 87' lang='grc' dir='ltr'>μόνην</span> <span class='ocrx_word' id='word_1_154' title='bbox 1459 3009 1523 3050; x_wconf 90' lang='grc' dir='ltr'>σα-</span> 
     </span>
     <span class='ocr_line' id='line_1_19' title="bbox 429 3090 1522 3185; baseline 0.005 -30"><span class='ocrx_word' id='word_1_155' title='bbox 429 3090 604 3173; x_wconf 69' lang='grc' dir='ltr'>λεύουσαν“,</span> <span class='ocrx_word' id='word_1_156' title='bbox 625 3091 809 3158; x_wconf 74' lang='grc' dir='ltr'>καταλαέὼν</span> <span class='ocrx_word' id='word_1_157' title='bbox 824 3096 905 3181; x_wconf 85' lang='grc' dir='ltr'>ἔχει,</span> <span class='ocrx_word' id='word_1_158' title='bbox 924 3095 976 3158; x_wconf 84' lang='grc' dir='ltr'>καὶ</span> <span class='ocrx_word' id='word_1_159' title='bbox 993 3095 1109 3168; x_wconf 89' lang='grc' dir='ltr'>πίστεις</span> <span class='ocrx_word' id='word_1_160' title='bbox 1123 3092 1239 3169; x_wconf 82' lang='grc' dir='ltr'>ἐκείνας</span> <span class='ocrx_word' id='word_1_161' title='bbox 1256 3096 1307 3158; x_wconf 80' lang='grc' dir='ltr'>καί</span> <span class='ocrx_word' id='word_1_162' title='bbox 1324 3093 1449 3185; x_wconf 83' lang='grc' dir='ltr'>ὅρκους,</span> <span class='ocrx_word' id='word_1_163' title='bbox 1469 3099 1522 3162; x_wconf 84' lang='grc' dir='ltr'>καὶ</span> 
     </span>
     <span class='ocr_line' id='line_1_20' title="bbox 431 3199 1526 3298; baseline 0.005 -31"><span class='ocrx_word' id='word_1_164' title='bbox 431 3205 582 3278; x_wconf 85' lang='grc' dir='ltr'>συνθήκας</span> <span class='ocrx_word' id='word_1_165' title='bbox 606 3204 644 3279; x_wconf 73' lang='grc' dir='ltr'>οῖς</span> <span class='ocrx_word' id='word_1_166' title='bbox 665 3204 738 3293; x_wconf 84' lang='grc' dir='ltr'>πρὸς</span> <span class='ocrx_word' id='word_1_167' title='bbox 759 3205 840 3290; x_wconf 77' lang='grc' dir='ltr'>ἡμᾶς</span> <span class='ocrx_word' id='word_1_168' title='bbox 863 3203 1026 3275; x_wconf 79' lang='grc' dir='ltr'>ἐποιήσατο</span> <span class='ocrx_word' id='word_1_169' title='bbox 1049 3199 1199 3296; x_wconf 84' lang='grc' dir='ltr'>παριθών,</span> <span class='ocrx_word' id='word_1_170' title='bbox 1227 3205 1268 3281; x_wconf 85' lang='grc' dir='ltr'>ὡς</span> <span class='ocrx_word' id='word_1_171' title='bbox 1290 3205 1390 3282; x_wconf 79' lang='grc' dir='ltr'>ἄλλως</span> <span class='ocrx_word' id='word_1_172' title='bbox 1416 3206 1526 3298; x_wconf 72' lang='grc' dir='ltr'>λέγους</span> 
     </span>
     <span class='ocr_line' id='line_1_21' title="bbox 431 3312 1524 3406; baseline 0.004 -29"><span class='ocrx_word' id='word_1_173' title='bbox 431 3313 550 3399; x_wconf 87' lang='grc' dir='ltr'>κένους,</span> <span class='ocrx_word' id='word_1_174' title='bbox 578 3312 829 3406; x_wconf 81' lang='grc' dir='ltr'>ὑπερηφανεύεται</span> <span class='ocrx_word' id='word_1_175' title='bbox 850 3312 920 3378; x_wconf 87' lang='grc' dir='ltr'>καθ’</span> <span class='ocrx_word' id='word_1_176' title='bbox 939 3317 1022 3401; x_wconf 75' lang='grc' dir='ltr'>ἡμῶν</span> <span class='ocrx_word' id='word_1_177' title='bbox 1039 3317 1078 3378; x_wconf 84' lang='grc' dir='ltr'>τὰ</span> <span class='ocrx_word' id='word_1_178' title='bbox 1096 3315 1234 3405; x_wconf 74' lang='grc' dir='ltr'>μεγαλα,</span> <span class='ocrx_word' id='word_1_179' title='bbox 1254 3318 1294 3390; x_wconf 86' lang='grc' dir='ltr'>ὡς</span> <span class='ocrx_word' id='word_1_180' title='bbox 1315 3315 1369 3382; x_wconf 82' lang='grc' dir='ltr'>οὐκ</span> <span class='ocrx_word' id='word_1_181' title='bbox 1387 3317 1424 3381; x_wconf 81' lang='grc' dir='ltr'>ἂν</span> <span class='ocrx_word' id='word_1_182' title='bbox 1442 3313 1524 3401; x_wconf 83' lang='grc' dir='ltr'>βοη-</span> 
     </span>
     <span class='ocr_line' id='line_1_22' title="bbox 432 3418 1525 3516; baseline 0.005 -30"><span class='ocrx_word' id='word_1_183' title='bbox 432 3425 581 3494; x_wconf 86' lang='grc' dir='ltr'>θησόντων</span> <span class='ocrx_word' id='word_1_184' title='bbox 608 3418 652 3500; x_wconf 82' lang='grc' dir='ltr'>οἷς</span> <span class='ocrx_word' id='word_1_185' title='bbox 677 3423 787 3500; x_wconf 83' lang='grc' dir='ltr'>ἐκεῖνος</span> <span class='ocrx_word' id='word_1_186' title='bbox 811 3423 1008 3516; x_wconf 82' lang='grc' dir='ltr'>ἐπιχειρήσειε</span> <span class='ocrx_word' id='word_1_187' title='bbox 1024 3426 1156 3489; x_wconf 85' lang='grc' dir='ltr'>πώποτε.</span> <span class='ocrx_word' id='word_1_188' title='bbox 1177 3426 1242 3516; x_wconf 73' lang='grc' dir='ltr'>Χρὴ</span> <span class='ocrx_word' id='word_1_189' title='bbox 1259 3431 1330 3516; x_wconf 70' lang='grc' dir='ltr'>γοῦν</span> <span class='ocrx_word' id='word_1_190' title='bbox 1352 3427 1394 3513; x_wconf 80' lang='grc' dir='ltr'>μὴ</span> <span class='ocrx_word' id='word_1_191' title='bbox 1418 3421 1460 3490; x_wconf 80' lang='grc' dir='ltr'>δι’</span> <span class='ocrx_word' id='word_1_192' title='bbox 1485 3419 1525 3492; x_wconf 86' lang='grc' dir='ltr'>ὧν</span> 
     </span>
     <span class='ocr_line' id='line_1_23' title="bbox 432 3531 1523 3624; baseline 0.005 -28"><span class='ocrx_word' id='word_1_193' title='bbox 432 3539 469 3596; x_wconf 89' lang='grc' dir='ltr'>οίν</span> <span class='ocrx_word' id='word_1_194' title='bbox 491 3558 536 3610; x_wconf 88' lang='grc' dir='ltr'>τις</span> <span class='ocrx_word' id='word_1_195' title='bbox 558 3531 656 3621; x_wconf 53' lang='grc' dir='ltr'>ημῶνῦ</span> <span class='ocrx_word' id='word_1_196' title='bbox 681 3536 845 3624; x_wconf 78' lang='grc' dir='ltr'>καταγνοίη</span> <span class='ocrx_word' id='word_1_197' title='bbox 868 3535 908 3596; x_wconf 85' lang='grc' dir='ltr'>τὰ</span> <span class='ocrx_word' id='word_1_198' title='bbox 930 3532 1078 3623; x_wconf 77' lang='grc' dir='ltr'>μέγιστα,</span> <span class='ocrx_word' id='word_1_199' title='bbox 1100 3533 1187 3598; x_wconf 81' lang='grc' dir='ltr'>ταῦτ’</span> <span class='ocrx_word' id='word_1_200' title='bbox 1206 3534 1258 3618; x_wconf 82' lang='grc' dir='ltr'>έρῖν</span> <span class='ocrx_word' id='word_1_201' title='bbox 1276 3535 1385 3600; x_wconf 85' lang='grc' dir='ltr'>ἐκεῖνον</span> <span class='ocrx_word' id='word_1_202' title='bbox 1407 3545 1523 3621; x_wconf 89' lang='grc' dir='ltr'>ποιεῖν,</span> 
     </span>
     <span class='ocr_line' id='line_1_24' title="bbox 433 3640 1525 3733; baseline 0.004 -27"><span class='ocrx_word' id='word_1_203' title='bbox 433 3642 512 3707; x_wconf 84' lang='grc' dir='ltr'>ἀλλὰ</span> <span class='ocrx_word' id='word_1_204' title='bbox 527 3645 615 3708; x_wconf 86' lang='grc' dir='ltr'>παντί</span> <span class='ocrx_word' id='word_1_205' title='bbox 632 3644 751 3733; x_wconf 85' lang='grc' dir='ltr'>τρόπῳ,</span> <span class='ocrx_word' id='word_1_206' title='bbox 769 3645 821 3707; x_wconf 87' lang='grc' dir='ltr'>καὶ</span> <span class='ocrx_word' id='word_1_207' title='bbox 841 3643 963 3728; x_wconf 88' lang='grc' dir='ltr'>σώμασι</span> <span class='ocrx_word' id='word_1_208' title='bbox 980 3645 1031 3707; x_wconf 86' lang='grc' dir='ltr'>καὶ</span> <span class='ocrx_word' id='word_1_209' title='bbox 1050 3640 1218 3733; x_wconf 54' lang='grc' dir='ltr'>χρήμασιί,</span> <span class='ocrx_word' id='word_1_210' title='bbox 1233 3641 1353 3729; x_wconf 85' lang='grc' dir='ltr'>βοηθεῖν</span> <span class='ocrx_word' id='word_1_211' title='bbox 1369 3654 1432 3720; x_wconf 90' lang='grc' dir='ltr'>τοῖς</span> <span class='ocrx_word' id='word_1_212' title='bbox 1450 3647 1525 3733; x_wconf 79' lang='grc' dir='ltr'>ἡμε-</span> 
     </span>
    </p>
   </div>
   <div class='ocr_carea' id='block_1_5' title="bbox 432 3863 1528 4478">
    <p class='ocr_par' dir='ltr' id='par_1_5' title="bbox 432 3863 1528 4150">
     <span class='ocr_line' id='line_1_25' title="bbox 466 3863 1526 3933; baseline 0.005 -20"><span class='ocrx_word' id='word_1_213' title='bbox 466 3864 540 3913; x_wconf 85' lang='lat' dir='ltr'>¹Non</span> <span class='ocrx_word' id='word_1_214' title='bbox 557 3863 681 3913; x_wconf 76' lang='lat' dir='ltr'>modestus</span> <span class='ocrx_word' id='word_1_215' title='bbox 696 3873 733 3912; x_wconf 80' lang='lat' dir='ltr'>est</span> <span class='ocrx_word' id='word_1_216' title='bbox 746 3863 855 3928; x_wconf 80' lang='lat' dir='ltr'>sophista</span> <span class='ocrx_word' id='word_1_217' title='bbox 873 3863 966 3913; x_wconf 85' lang='lat' dir='ltr'>Demo·</span> <span class='ocrx_word' id='word_1_218' title='bbox 992 3871 1034 3914; x_wconf 78' lang='grc' dir='ltr'>τοῦ</span> <span class='ocrx_word' id='word_1_219' title='bbox 1045 3870 1161 3929; x_wconf 75' lang='grc' dir='ltr'>τιμᾶσθαι</span> <span class='ocrx_word' id='word_1_220' title='bbox 1175 3876 1281 3933; x_wconf 81' lang='grc' dir='ltr'>προςῆκε.</span> <span class='ocrx_word' id='word_1_221' title='bbox 1291 3865 1353 3914; x_wconf 82' lang='lat' dir='ltr'>Vide</span> <span class='ocrx_word' id='word_1_222' title='bbox 1367 3877 1450 3917; x_wconf 84' lang='lat' dir='ltr'>notam</span> <span class='ocrx_word' id='word_1_223' title='bbox 1464 3867 1526 3918; x_wconf 82' lang='lat' dir='ltr'><strong>ibid.</strong></span> 
     </span>
     <span class='ocr_line' id='line_1_26' title="bbox 432 3942 1509 4006; baseline 0.001 -12"><span class='ocrx_word' id='word_1_224' title='bbox 432 3943 525 3994; x_wconf 76' lang='lat' dir='ltr'>othonis</span> <span class='ocrx_word' id='word_1_225' title='bbox 542 3943 607 3992; x_wconf 82' lang='lat' dir='ltr'>illius</span> <span class='ocrx_word' id='word_1_226' title='bbox 619 3957 748 4006; x_wconf 84' lang='lat' dir='ltr'>personam</span> <span class='ocrx_word' id='word_1_227' title='bbox 769 3943 814 3992; x_wconf 82' lang='lat' dir='ltr'>sibi</span> <span class='ocrx_word' id='word_1_228' title='bbox 829 3958 963 3993; x_wconf 75' lang='lat' dir='ltr'>assumens.</span> <span class='ocrx_word' id='word_1_229' title='bbox 992 3960 1016 4006; x_wconf 86' lang='lat' dir='ltr'>p.</span> <span class='ocrx_word' id='word_1_230' title='bbox 1029 3944 1076 3990; x_wconf 71' lang='lat'>248</span> <span class='ocrx_word' id='word_1_231' title='bbox 1086 3942 1150 4006; x_wconf 87' lang='lat' dir='ltr'>,jam</span> <span class='ocrx_word' id='word_1_232' title='bbox 1162 3944 1292 3993; x_wconf 78' lang='lat' dir='ltr'><strong>indicatam</strong></span> <span class='ocrx_word' id='word_1_233' title='bbox 1304 3944 1328 3993; x_wconf 89' lang='lat' dir='ltr'>in</span> <span class='ocrx_word' id='word_1_234' title='bbox 1339 3944 1412 3994; x_wconf 79' lang='lat' dir='ltr'>Theo.</span> <span class='ocrx_word' id='word_1_235' title='bbox 1425 3945 1509 3996; x_wconf 78' lang='lat' dir='ltr'>Didot.</span> 
     </span>
     <span class='ocr_line' id='line_1_27' title="bbox 432 4018 1528 4086; baseline 0.002 -14"><span class='ocrx_word' id='word_1_236' title='bbox 432 4023 479 4072; x_wconf 83' lang='lat' dir='ltr'>Par</span> <span class='ocrx_word' id='word_1_237' title='bbox 502 4023 546 4070; x_wconf 82' lang='lat' dir='ltr'>fuit</span> <span class='ocrx_word' id='word_1_238' title='bbox 564 4019 657 4069; x_wconf 81' lang='lat' dir='ltr'>Libaoii</span> <span class='ocrx_word' id='word_1_239' title='bbox 678 4018 793 4077; x_wconf 81' lang='lat' dir='ltr'>audacia,</span> <span class='ocrx_word' id='word_1_240' title='bbox 818 4023 855 4069; x_wconf 82' lang='lat' dir='ltr'>cui</span> <span class='ocrx_word' id='word_1_241' title='bbox 880 4021 966 4069; x_wconf 82' lang='lat' dir='ltr'>melius</span> <span class='ocrx_word' id='word_1_242' title='bbox 1027 4019 1089 4069; x_wconf 76' lang='lat' dir='ltr'><strong>‘Sic</strong></span> <span class='ocrx_word' id='word_1_243' title='bbox 1102 4021 1156 4085; x_wconf 86' lang='lat' dir='ltr'>ipse</span> <span class='ocrx_word' id='word_1_244' title='bbox 1169 4022 1271 4086; x_wconf 77' lang='lat' dir='ltr'>saepius,</span> <span class='ocrx_word' id='word_1_245' title='bbox 1289 4022 1328 4072; x_wconf 85' lang='lat' dir='ltr'>vol</span> <span class='ocrx_word' id='word_1_246' title='bbox 1342 4022 1454 4073; x_wconf 77' lang='lat' dir='ltr'>librarius</span> <span class='ocrx_word' id='word_1_247' title='bbox 1469 4023 1528 4074; x_wconf 80' lang='lat' dir='ltr'><strong>facit</strong></span> 
     </span>
     <span class='ocr_line' id='line_1_28' title="bbox 432 4099 1163 4150; baseline 0 -2"><span class='ocrx_word' id='word_1_248' title='bbox 432 4101 513 4150; x_wconf 79' lang='lat' dir='ltr'><strong>cessit.</strong></span> <span class='ocrx_word' id='word_1_249' title='bbox 992 4099 1163 4148; x_wconf 77' lang='lat' dir='ltr'>soloecismum.</span> 
     </span>
    </p>

    <p class='ocr_par' dir='ltr' id='par_1_6' title="bbox 433 4170 1449 4323">
     <span class='ocr_line' id='line_1_29' title="bbox 466 4170 1449 4247; baseline 0 -19"><span class='ocrx_word' id='word_1_250' title='bbox 466 4177 582 4228; x_wconf 57' lang='lat' dir='ltr'>’Schola</span> <span class='ocrx_word' id='word_1_251' title='bbox 596 4185 609 4236; x_wconf 86' lang='grc' dir='ltr'>ἡ</span> <span class='ocrx_word' id='word_1_252' title='bbox 623 4184 705 4236; x_wconf 87' lang='grc' dir='ltr'>στάσις</span> <span class='ocrx_word' id='word_1_253' title='bbox 718 4170 880 4247; x_wconf 72' lang='grc' dir='ltr'>πραγματική.</span> <span class='ocrx_word' id='word_1_254' title='bbox 895 4203 923 4212; x_wconf 95' lang='grc'>-</span> <span class='ocrx_word' id='word_1_255' title='bbox 933 4184 966 4227; x_wconf 80' lang='grc' dir='ltr'>Τὸ</span> <span class='ocrx_word' id='word_1_256' title='bbox 1027 4178 1037 4204; x_wconf 76' lang='lat'>⁸</span> <span class='ocrx_word' id='word_1_257' title='bbox 1050 4177 1085 4226; x_wconf 84' lang='lat' dir='ltr'>De</span> <span class='ocrx_word' id='word_1_258' title='bbox 1101 4182 1205 4228; x_wconf 77' lang='grc' dir='ltr'>σαλεύειν</span> <span class='ocrx_word' id='word_1_259' title='bbox 1217 4178 1272 4227; x_wconf 77' lang='lat' dir='ltr'>vide</span> <span class='ocrx_word' id='word_1_260' title='bbox 1286 4195 1312 4244; x_wconf 88' lang='grc' dir='ltr'>ρ.</span> <span class='ocrx_word' id='word_1_261' title='bbox 1326 4180 1367 4238; x_wconf 83' lang='grc'>80,</span> <span class='ocrx_word' id='word_1_262' title='bbox 1380 4193 1407 4228; x_wconf 85' lang='lat' dir='ltr'>n.</span> <span class='ocrx_word' id='word_1_263' title='bbox 1423 4179 1449 4228; x_wconf 78' lang='grc'>5.</span> 
     </span>
     <span class='ocr_line' id='line_1_30' title="bbox 433 4255 1427 4323; baseline 0.001 -17"><span class='ocrx_word' id='word_1_264' title='bbox 433 4265 555 4323; x_wconf 86' lang='grc' dir='ltr'>προοίμιον</span> <span class='ocrx_word' id='word_1_265' title='bbox 569 4261 594 4316; x_wconf 81' lang='grc' dir='ltr'>ἐξ</span> <span class='ocrx_word' id='word_1_266' title='bbox 609 4258 742 4321; x_wconf 80' lang='grc' dir='ltr'>ὑπολήψεως</span> <span class='ocrx_word' id='word_1_267' title='bbox 754 4263 796 4306; x_wconf 81' lang='grc' dir='ltr'>τοῦ</span> <span class='ocrx_word' id='word_1_268' title='bbox 805 4262 953 4323; x_wconf 70' lang='grc' dir='ltr'>πράγματος.</span> <span class='ocrx_word' id='word_1_269' title='bbox 1028 4255 1038 4280; x_wconf 80' lang='lat'><strong>⁶</strong></span> <span class='ocrx_word' id='word_1_270' title='bbox 1055 4256 1139 4306; x_wconf 81' lang='lat' dir='ltr'>Codex</span> <span class='ocrx_word' id='word_1_271' title='bbox 1148 4258 1211 4322; x_wconf 84' lang='grc' dir='ltr'>ὑμῶν</span> <span class='ocrx_word' id='word_1_272' title='bbox 1224 4257 1390 4322; x_wconf 75' lang='lat' dir='ltr'>superscripto</span> <span class='ocrx_word' id='word_1_273' title='bbox 1403 4262 1427 4314; x_wconf 84' lang='grc' dir='ltr'>ἡ.</span> 
     </span>
    </p>

    <p class='ocr_par' dir='ltr' id='par_1_7' title="bbox 435 4333 1528 4478">
     <span class='ocr_line' id='line_1_31' title="bbox 468 4333 1528 4403; baseline 0.004 -21"><span class='ocrx_word' id='word_1_274' title='bbox 468 4333 477 4358; x_wconf 76' lang='lat'>³</span> <span class='ocrx_word' id='word_1_275' title='bbox 490 4335 581 4384; x_wconf 83' lang='lat' dir='ltr'>Eadem</span> <span class='ocrx_word' id='word_1_276' title='bbox 598 4336 693 4400; x_wconf 76' lang='lat' dir='ltr'>syntaxi</span> <span class='ocrx_word' id='word_1_277' title='bbox 706 4334 846 4384; x_wconf 79' lang='lat' dir='ltr'>Theoduluo</span> <span class='ocrx_word' id='word_1_278' title='bbox 864 4335 887 4382; x_wconf 90' lang='lat' dir='ltr'>in</span> <span class='ocrx_word' id='word_1_279' title='bbox 906 4333 967 4384; x_wconf 84' lang='lat' dir='ltr'>meio</span> <span class='ocrx_word' id='word_1_280' title='bbox 1028 4333 1037 4358; x_wconf 76' lang='lat'>²</span> <span class='ocrx_word' id='word_1_281' title='bbox 1050 4334 1115 4383; x_wconf 81' lang='lat' dir='ltr'><strong>Infra</strong></span> <span class='ocrx_word' id='word_1_282' title='bbox 1129 4352 1156 4400; x_wconf 87' lang='lat' dir='ltr'>p.</span> <span class='ocrx_word' id='word_1_283' title='bbox 1171 4337 1219 4394; x_wconf 70' lang='lat'>92,</span> <span class='ocrx_word' id='word_1_284' title='bbox 1236 4335 1280 4384; x_wconf 75' lang='lat'>14:</span> <span class='ocrx_word' id='word_1_285' title='bbox 1294 4343 1400 4403; x_wconf 81' lang='grc' dir='ltr'>χρήμασι</span> <span class='ocrx_word' id='word_1_286' title='bbox 1419 4340 1460 4384; x_wconf 73' lang='grc' dir='ltr'>καί</span> <span class='ocrx_word' id='word_1_287' title='bbox 1478 4341 1528 4386; x_wconf 76' lang='grc' dir='ltr'>τοί-</span> 
     </span>
     <span class='ocr_line' id='line_1_32' title="bbox 435 4412 1200 4478; baseline 0.001 -17"><span class='ocrx_word' id='word_1_288' title='bbox 435 4412 528 4462; x_wconf 74' lang='grc' dir='ltr'>Αῐιθυθ.</span> <span class='ocrx_word' id='word_1_289' title='bbox 546 4413 587 4463; x_wconf 82' lang='lat' dir='ltr'>Gr.</span> <span class='ocrx_word' id='word_1_290' title='bbox 605 4425 622 4463; x_wconf 85' lang='lat' dir='ltr'>t.</span> <span class='ocrx_word' id='word_1_291' title='bbox 641 4414 678 4473; x_wconf 82' lang='grc' dir='ltr'>ΙΙ,</span> <span class='ocrx_word' id='word_1_292' title='bbox 693 4430 717 4476; x_wconf 86' lang='lat' dir='ltr'>p.</span> <span class='ocrx_word' id='word_1_293' title='bbox 735 4415 800 4462; x_wconf 76' lang='lat'><strong>266:</strong></span> <span class='ocrx_word' id='word_1_294' title='bbox 818 4416 965 4478; x_wconf 77' lang='grc' dir='ltr'>Καλλιμάχῳ</span> <span class='ocrx_word' id='word_1_295' title='bbox 993 4433 1053 4477; x_wconf 83' lang='grc' dir='ltr'>μασι</span> <span class='ocrx_word' id='word_1_296' title='bbox 1072 4420 1200 4478; x_wconf 85' lang='grc' dir='ltr'>μάχεσθαι.</span> 
     </span>
    </p>
   </div>
   <div class='ocr_carea' id='block_1_6' title="bbox 0 0 1864 5659">
    <p class='ocr_par' dir='ltr' id='par_1_8' title="bbox 0 0 1864 5659">
     <span class='ocr_line' id='line_1_33' title="bbox 0 0 1864 5659; baseline 0 0"><span class='ocrx_word' id='word_1_297' title='bbox 0 0 1864 5659; x_wconf 95' lang='lat' dir='ltr'> </span> 
     </span>
    </p>
   </div>
  </div>
 </body>
</html>
