3684 5659
448 595 519 668 152
782 602 817 661 Γ.
845 601 918 661 ΤΟΥ
944 597 1198 660 ΠΑΧΥΜΕΡΟΥΣ

445 761 520 816 νειν;
546 737 580 801 τὸ
605 738 664 827 γὰρ
688 731 784 802 δεινὸν
803 733 935 800 ἐπέκειτο
957 733 1057 799 πλεῖον
1078 737 1131 799 καί
1148 731 1223 799 πολὺ
1241 728 1277 804 ήυ
1293 734 1327 798 τὸ
1347 735 1425 820 μετὰ
1442 739 1539 799 ταῦτα

445 849 606 939 ναυάγιον·
620 881 669 893 --
682 846 839 937 λογισμοῖς
852 848 944 930 τισίν,
962 846 1003 921 ὡς
1020 841 1157 929 ἐδόκουν,
1176 843 1230 910 οῦκ
1243 843 1397 935 ἀγεννέσιν
1410 844 1541 933 ἐμαυτόν

445 953 634 1049 συγκροτῶι,
660 959 712 1021 καί
738 956 811 1047 πρὸς
836 957 870 1021 τὸ
898 953 993 1021 δεινόν
1019 955 1202 1047 παραλόγως
1227 951 1429 1046 ἀνδρίζομαι,
1458 957 1540 1033 ὡςή

446 1072 545 1144 ζήσων
568 1068 686 1151 καλῶς,
715 1074 796 1158 εἴπερ
820 1069 872 1132 καὶ
896 1065 1117 1160 περιγένωμαι,
1143 1065 1162 1136 ἢ
1185 1065 1289 1142 καλῶς
1310 1063 1537 1154 τεθνηξόμενος,

445 1181 497 1245 καί
518 1176 596 1244 ούτω
614 1179 760 1253 κάκείνως
776 1178 810 1242 τὸ
827 1185 882 1252 τής
902 1173 1112 1269 ἀποκηρύξεως
1128 1172 1240 1265 αἶσχος
1257 1174 1537 1268 ἀποκρυψόμενος’.
1601 1251 1603 1258 ,

445 1293 504 1356 Καῖ
520 1292 554 1356 τό
570 1289 700 1355 ἐντεῦθεν
712 1289 758 1364 τίς
776 1288 813 1353 ἀν
829 1284 952 1364 ἐξειπεῖν
966 1287 1088 1376 ῖσχύσοι
1104 1289 1144 1352 τά
1160 1286 1229 1353 κατ’
1244 1286 1358 1360 ἐκείνην
1370 1287 1423 1358 τήν
1437 1296 1540 1355 πᾶσαν

445 1400 539 1465 νύκτα
556 1395 658 1477 δεινοί;
677 1407 764 1473 ποῖος
780 1397 815 1462 ού
833 1398 1047 1489 συνεκρότησεν
1064 1403 1173 1483 ἀνεμος
1185 1399 1241 1473 τάς
1253 1397 1348 1473 πνοδις
1361 1395 1432 1461 κατ’
1445 1395 1538 1485 ἐμοῦ;

445 1520 530 1576 ποῖον
555 1515 639 1596 κῦμα
663 1507 697 1574 οὐ
721 1508 795 1598 πρὸς
819 1507 931 1572 σκοπόν
953 1508 1006 1571 καί
1030 1508 1119 1594 μόνον
1139 1505 1191 1594 ἐμὲ
1209 1509 1410 1599 προςπίπτου,
1436 1509 1478 1584 ὡς
1498 1512 1540 1584 εῖς

444 1621 555 1713 πέτραν
567 1619 741 1714 προθλήτα,
758 1621 800 1693 είς
814 1625 911 1707 ἀχνην
921 1617 1029 1688 λεπτὴν
1041 1613 1191 1696 διελύετο;
1209 1622 1272 1683 ἔστι
1287 1613 1317 1682 δ’
1333 1609 1367 1683 οἷν
1382 1620 1435 1684 καὶ
1451 1628 1540 1687 νικῶν

446 1731 515 1821 ἐμέ,
540 1733 593 1796 καί
615 1729 809 1797 καταθάλλον
831 1729 878 1795 ἐπί
900 1736 959 1794 τῶν
972 1733 1249 1822 ,καταστρωμάτων
1265 1729 1432 1808 πολλάκις,
1450 1731 1470 1802 ἢ
1487 1735 1538 1798 καί

444 1844 519 1935 πρός
535 1841 695 1907 θάλασσαν
711 1844 888 1932 καθαιροῦυ,
906 1836 985 1927 κάμὲ
999 1848 1053 1915 τῆς
1068 1842 1136 1916 νηός
1150 1843 1308 1925 ἀποσπῶν,
1328 1841 1369 1917 ὡς
1387 1841 1540 1932 ἀμφισθη·

445 1958 514 2017 τοῦν
528 1958 685 2043 ἀντικρυς;
701 1931 896 2021 θθαπτίσθην
911 1949 1058 2025 πολλάκις
1071 1946 1275 2036 καταδυθείς,
1294 1950 1362 2017 ἀλλ’
1376 1947 1444 2017 οὐδ’
1458 1950 1541 2030 άπαξ

446 2071 488 2150 τῷ
505 2060 616 2149 κύματι
633 2069 686 2137 τής
704 2061 773 2136 νηός
788 2062 1011 2154 παρεχώρησα.
1030 2061 1125 2126 Ηλθον
1143 2060 1234 2153 ἐγγὺς
1248 2067 1301 2126 τοῦ
1314 2072 1455 2154 πνιγῆναι
1468 2065 1541 2130 πολ·

445 2173 550 2256 λάκις,
571 2169 639 2236 ἀλλ’
657 2169 691 2234 ἐκ
708 2168 815 2263 μέρους
831 2171 1012 2259 ἀντειχόμηυ
1028 2173 1080 2235 καὶ
1099 2179 1153 2246 τής
1170 2172 1252 2248 νηός.
1273 2172 1425 2256 Πολλάκις
1441 2173 1541 2240 ε’θυθι-

447 2286 553 2371 ζόμηυ,
571 2281 637 2348 ἀλλ’
655 2281 670 2345 ό
687 2287 755 2357 νοῦς
769 2280 861 2345 ἐκεῖσ’
875 2277 925 2365 ήν,
942 2282 1107 2347 καὶταῦτα
1120 2281 1225 2347 παθὼν
1241 2278 1466 2376 διεκαρτέρουν,
1485 2283 1540 2373 ἕως

445 2387 480 2460 ού
497 2392 584 2486 λωφᾷ
601 2394 635 2459 τὸ
653 2389 748 2458 δεινὸν
765 2392 878 2470 ἐκεῖνο,
896 2394 949 2457 καί
972 2401 1044 2458 νικῶ
1066 2393 1152 2481 μόλις
1168 2394 1219 2458 τόν
1235 2399 1341 2485 ἀγριον
1357 2395 1470 2462 ἐκεῖνον
1486 2400 1537 2463 καὶ

445 2507 652 2572 ἀνυπόστατον
669 2500 825 2571 κλύδωνα·
845 2510 919 2568 νικῶ
935 2499 966 2568 δ’
981 2503 1115 2592 ἀντέχων
1131 2503 1300 2597 τραπέντα,
1316 2507 1391 2597 πρός
1402 2509 1444 2574 τά
1455 2504 1539 2575 δεινά

445 2621 634 2711 καρτερήσας
652 2618 809 2709 πρότερον.
1336 2678 1338 2682 ,

493 2725 572 2794 Εἶτα
595 2728 632 2793 σὺ
655 2730 706 2794 τόν
730 2725 823 2804 ούτως
846 2729 1040 2814 ἀθλήσαντα,
1066 2731 1115 2795 τὸν
1139 2725 1216 2794 ούτω
1240 2730 1536 2822 ταλαιπωρήσαντα,

444 2839 494 2903 τὸν
511 2835 588 2902 ούτω
606 2841 671 2930 περὶ
691 2839 792 2927 ψυχῆς
809 2835 983 2931 δραμόντα,
1003 2841 1177 2931 ἀποστερεῖν
1191 2839 1300 2917 ἐθέλεις
1312 2846 1366 2906 τοῦ
1383 2836 1536 2929 δόματος;

445 2951 496 3014 καὶ
517 2948 570 3012 οὐκ
588 2944 671 3023 ἀξιον
688 2951 796 3039 κρίνεις
811 2949 874 3036 ἐμοί
889 2956 977 3015 τοῦτο
990 2959 1049 3016 τῶν
1065 2951 1182 3016 πολλῶν
1196 2952 1313 3018 ἐκείνων
1327 2954 1466 3041 μόχθων,
1484 2957 1535 3020 καὶ

443 3069 501 3125 τῶν
524 3060 662 3151 ἀγώνων,
685 3052 724 3124 ὧν
742 3062 794 3125 καί
814 3057 886 3152 ὑπὲρ
905 3057 1032 3147 δύναμιν
1049 3072 1153 3127 πᾶσαν
1169 3065 1361 3153 ήγώνισμαι;
1384 3067 1438 3129 καί
1461 3066 1537 3142 τίνος

443 3174 534 3262 χάριυ
551 3170 655 3234 λοιπὸν
672 3171 711 3234 τά
728 3169 847 3261 μεγάλα
865 3169 965 3236 ἐκεῖνα
980 3167 1119 3243 διήθλονν
1133 3176 1184 3239 καί
1202 3175 1275 3265 πρὸς
1293 3175 1371 3239 τόσα
1389 3176 1443 3239 καί
1460 3175 1537 3240 τόσα

443 3286 582 3370 ἀντεῖχον
601 3282 641 3345 τά
659 3281 800 3369 χαλεπά,
821 3280 942 3373 εῦχερές
958 3282 991 3347 δν
1009 3287 1172 3363 ζητεῖνκαὶ
1192 3286 1282 3351 αὐτόν
1300 3284 1351 3373 ἐμὲ
1369 3288 1452 3351 κατά
1469 3285 1536 3362 τοὺς

445 3392 555 3468 ἀλλους
573 3393 625 3462 τήν
641 3392 805 3481 σωτηρίαν,
825 3392 950 3456 κάκεῖσε
968 3390 1065 3484 ῥέπειν
1082 3393 1156 3459 ὅπου
1175 3398 1369 3481 σωθήσομαι.

492 3527 508 3560 (ι
522 3485 597 3568 m
616 3501 645 3566 ἐν
662 3498 782 3577 ἀλλοις8
798 3497 859 3566 ἔδει
873 3522 890 3560 ν’
903 3504 1005 3592 φησίν,
1021 3499 1245 3597 «ἀνδρίζεσθαι
1261 3530 1290 3570 ν.

490 3593 567 3698 Ιδμοὶ
587 3610 683 3700 λέγεις
703 3616 809 3689 τοῦτσ;
829 3611 897 3702 λε’γε
915 3619 951 3700 τῇ
968 3611 1064 3701 τύχη,
1084 3612 1152 3703 λέγε
1168 3622 1211 3702 τῷ
1228 3610 1364 3702 δαίμονι.
1384 3592 1482 3707 ίλςπερ
1500 3617 1535 3682 ἀν

441 3717 611 3796 ἐξεπίτηδες
624 3719 778 3786 ἐπέθαινον
792 3730 845 3796 τής
858 3722 945 3806 νηός,
964 3732 1111 3816 πατρικής
1125 3726 1232 3803 ούσης,
1249 3727 1290 3802 ὡς
1303 3724 1415 3818 λέγεις,
1430 3730 1535 3815 μάντις

439 3838 493 3916 ὥν,
513 3826 537 3896 ὦ
554 3836 625 3915 Ζεῦ,
646 3832 664 3902 ή
684 3834 769 3923 παρά
785 3856 837 3897 του
856 3835 929 3898 θεῶν
947 3830 1036 3911 εἰδὼς
1053 3836 1092 3911 ὡς
1109 3838 1228 3912 πάντως
1245 3839 1461 3928 περιστήσεται
1478 3864 1536 3904 κα-

438 3945 557 4034 ταιγίς,
576 3944 627 4007 καί
646 3942 672 4006 οἱ
690 3947 800 4007 ναῦται
816 3944 889 4035 πρὸς
906 3945 941 4008 τὸ
960 3940 1055 4011 δεινὸν
1069 3943 1341 4039 δειλαυδρήσουσι,
1362 3950 1451 4040 κάγὼ
1468 3951 1534 4014 τότε

439 4056 626 4144 ἀγωνιοῦμαι
650 4054 701 4117 καί
728 4051 799 4146 ὑπὲρ
823 4049 966 4141 δύναμιν,
993 4056 1045 4119 καί
1067 4058 1152 4146 παρά
1167 4055 1262 4146 τύχης
1285 4057 1369 4123 λάθω
1388 4052 1430 4124 ὦν
1450 4061 1535 4152 παρὰ

473 4263 623 4331 ’Συγκροτῶ]
636 4263 730 4328 sicjam
741 4279 766 4329 p.
783 4264 843 4326 142,
861 4270 869 4313 l
889 4284 894 4313 :
911 4268 968 4316 τοίν-
997 4264 1058 4314 dixit
1073 4285 1079 4314 ι
1095 4266 1287 4334 ἀποκρυψάμενον
1305 4275 1331 4318 τὸ
1349 4278 1391 4328 τῆς
1407 4270 1531 4337 ἀποκηρύ-

440 4361 488 4398 τοις
501 4344 601 4406 ἐμαυτὸν
613 4350 780 4409 συγκροτήσας.
996 4349 1052 4403 ξεως
1064 4343 1154 4408 ἐιῖσχος.

472 4417 528 4468 'Et
551 4421 662 4484 superius
687 4437 712 4484 p.
732 4422 795 4480 143,
810 4422 857 4481 κθ,
875 4421 968 4484 pariter
1030 4422 1150 4473 ³Schol.:
1162 4428 1303 4490 μετάληψις.
