3684 5659
748 634 905 700 ΜΕΛΕΤΗ
930 623 977 698 Γ’.
1363 632 1402 703 51

311 772 353 848 ὡς
372 769 543 860 ὀμώμοκεν.
569 749 718 856 ὀμώμοκε
738 764 773 833 δὲ
789 778 871 849 πῶς;
890 768 927 834 ἵν’
947 769 1121 857 ἐπιμελῆται
1140 772 1257 835 πάντων
1274 775 1355 837 κατά
1375 774 1409 838 τὸ

313 878 468 967 δυνατύνδ,
483 879 521 946 ἵν’
539 879 673 973 ἰατρεύῃ·
690 880 746 945 κάν
760 880 868 971 ἐχθρὸς
881 877 919 970 ᾖ,
935 881 991 946 κᾶν
1007 880 1148 968 πολέμιος
1164 880 1297 967 ὁνοσῶν,
1316 878 1410 969 μηδὲν

313 978 424 1128 οἰμελῆ,
440 990 508 1057 ἀλλ’
523 990 696 1081 ἐραπλοῖ
662 1014 718 1066 τας
734 992 830 1066 ἰάσεις
846 1015 898 1054 και
889 990 1023 1080 πολίτῃ
1040 1016 1092 1055 και
1083 988 1192 1079 ξένῳ,
1207 1018 1260 1057 κοιι
1250 992 1410 1080 πλουσίῳ

313 1106 365 1170 καί
385 1104 508 1178 πένητι,
524 1127 577 1167 και
567 1101 671 1192 φίλῳ
688 1125 720 1165 τε
739 1128 791 1166 και
782 1099 924 1193 ἐχθρω.
886 1092 1071 1177 ωΟντος”
1058 1128 1073 1165 ο
1090 1104 1180 1189 νόμος
1198 1111 1252 1179 τῆς
1270 1100 1395 1190 τέχνης’
1398 1149 1408 1182 ,

313 1213 416 1282 καθ’“
404 1238 436 1279 ον
458 1215 511 1279 καί
535 1213 586 1277 τὸν
607 1213 719 1276 κάκιστ
721 1209 981 1299 ’άπολούμενον’
968 1222 1077 1278 εκείνσν
1098 1213 1240 1305 τύραννον
1258 1215 1351 1303 τυχὸν
1373 1215 1410 1278 ἂν

314 1325 511 1417 ἰατρεύσειεν.
503 1320 654 1411 Οιδ’
611 1348 656 1388 επι
668 1347 721 1398 της
731 1320 870 1398 εξουσίοις
879 1329 954 1399 ἴσως
962 1321 1147 1399 ἀκούσαντες
1156 1327 1286 1400 ἀνεκτῶς
1297 1320 1408 1407 ἕξουσι,

314 1437 411 1503 καί
383 1462 417 1502 το
434 1435 487 1523 μἐν
503 1434 626 1526 γεγονὸς
643 1435 902 1523 συγχωρήσουσι,
921 1461 973 1498 και
964 1431 1176 1510 ῚῚδίξοντοιι
1146 1459 1198 1522 μεν
1216 1437 1256 1510 ὡς
1275 1435 1309 1499 σι’)
1323 1460 1410 1526 περι

313 1548 479 1621 πεπτωκὼς
492 1547 571 1632 νόσῳ
586 1541 616 1619 ἐξ
633 1542 802 1630 ἐπιμελείας
814 1545 905 1621 τινός,
924 1544 1023 1609 ἀλλ’
1005 1545 1058 1609 απ’
1070 1549 1169 1677 ρίρχῆς
1183 1545 1313 1635 ύγιαίνοι
1327 1545 1341 1608 ὁ
1354 1544 1410 1608 τύ-

312 1681 440 1748 ραννος,
460 1659 484 1720 εἰ
497 1656 585 1741 μόνον
598 1655 698 1718 εὔνουν
709 1654 758 1717 τὸν
774 1654 874 1744 ἰατρὸν
892 1654 926 1718 ἐκ
939 1663 997 1719 τῶν
1014 1657 1135 1720 εἰκότων
1151 1659 1408 1726 κατανοῆσονσιν

316 1766 422 1843 αὐτοῖς
444 1763 477 1831 δέ
495 1767 548 1830 καί
573 1765 663 1830 πάλιν
687 1773 768 1851 μενεῖ
787 1768 906 1856 φροντὶς
925 1768 966 1854 μῆ
990 1763 1137 1856 δεχομένη
1158 1770 1353 1857 παραίτησιν,
1379 1768 1412 1831 τὸ

315 1877 366 1943 τὸν
381 1877 523 1968 τύραννον
540 1871 676 1940 ἐκποδὼν
689 1883 816 1946 ποιῆσαι
834 1885 915 1969 σφῶν
932 1880 984 1943 καί
1003 1887 1057 1955 τῆς
1073 1878 1200 1954 πόλεως.

366 1988 447 2064 Τέως
467 1983 512 2066 δ’,
537 1989 562 2052 εἰ
587 1985 752 2073 μέμνησθε,
775 1988 864 2074 νόμον
882 1987 1005 2063 ἐζήτουν
1020 1991 1070 2054 τὸν
1093 1989 1210 2081 ἐφιέντα
1233 1992 1252 2061 ἢ
1276 1993 1327 2056 καί
1346 2017 1411 2055 κω-

316 2098 445 2166 λύοντα·
462 2099 530 2166 άλλ’
551 2097 605 2164 ούκ
620 2102 684 2187 ἔχει
703 2093 873 2181 δεῖξαι,
835 2123 892 2164 καν
908 2100 1006 2166 πολλὰ
1023 2104 1136 2188 κάμοι,
1157 2103 1214 2166 κάν
1239 2101 1255 2167 ὅ
1275 2127 1303 2166 τι
1320 2105 1412 2173 ποιῆ-

317 2235 408 2277 σειεν.
429 2207 518 2276 Ούτω
534 2212 631 2276 τοίνυν
646 2211 697 2274 καί
725 2208 771 2275 ἐπί
791 2219 827 2299 τῆ
847 2210 902 2300 ἐμῆ
921 2211 1049 2302 τέχνηε
1036 2210 1067 2288 ξ
1084 2212 1229 2278 αλλων
1200 2238 1235 2278 το
1256 2212 1413 2278 ἀνεύθυνον

316 2325 398 2411 ἔχεις
412 2323 565 2414 συναγειν,
582 2322 667 2397 ὡςεί
681 2317 730 2385 τά
746 2321 784 2386 αν
798 2347 850 2386 και
842 2320 1153 2413 καθιστορησαιμι
1174 2328 1271 2414 Ωςπερ
1288 2326 1346 2415 γάρ
1366 2323 1412 2388 ἐπ’

317 2432 463 2511 σίλλοις
435 2436 580 2525 ενρίοκων
593 2434 629 2498 ἂν
642 2434 731 2520 νόμον
742 2434 792 2498 τὸν
807 2429 983 2524 διαιροῦντα
996 2436 1051 2510 τοίς
1063 2432 1205 2565 πράξεις,
1222 2435 1412 2525 συνελογίζου

317 2571 369 2610 και
360 2546 455 2610 τδ*
438 2544 594 2636 ημέτερον
614 2547 709 2609 ἔκειτο
727 2547 787 2636 γάρ
802 2543 876 2636 παρ’
890 2547 987 2632 ἡμῶν,
1008 2547 1059 2609 καί
1077 2544 1186 2636 ἐχρῆν
1205 2541 1299 2620 ούτως
1312 2536 1411 2628 αὐθις,

319 2652 468 2727 ἐπειδῆ’
440 2680 494 2721 ουκ
510 2654 547 2720 ἐπ
549 2653 712 2731 ’άλλοις”
696 2680 777 2744 εχεις
791 2651 981 2720 δεικνύειν
947 2679 1003 2730 τας
1018 2650 1180 2747 διαιρέσεις
1192 2664 1251 2720 τῶν
1264 2657 1345 2720 κατά
1360 2656 1413 2725 τῆν

319 2766 464 2858 σφετέραν
479 2765 586 2856 τέχνην
599 2762 747 2856 πράξεων,
763 2766 903 2842 ὡςαύτως
920 2769 972 2831 καὶ
994 2766 1040 2832 ἐπί
1059 2776 1122 2841 τοῖς
1135 2766 1217 2853 ἐμοῖς
1234 2768 1350 2853 νόμιζε.

367 2875 463 2949 Πλῆν“
472 2881 497 2943 εἰ
510 2880 562 2943 καί
580 2873 646 2953 ἐξῆν
658 2879 781 2968 γράφειν
792 2880 844 2942 καί
860 2874 960 2954 ούδείς
972 2878 1123 2944 κεκώλυκε
1136 2880 1241 2967 νόμος,
1254 2878 1321 2944 ἀλλ’
1335 2876 1415 2965 ὅμως

319 2990 454 3075 μάντεως
466 2983 528 3052 ἔδει
540 2987 560 3057 ἢ
571 2987 622 3050 καὶ
638 2985 825 3160 ὀνειροπόλον
839 2985 902 3072 ἐμοὶ
918 2989 991 3078 πρὸς
1001 2991 1041 3053 τά
1053 2987 1281 3076 συμθησόμενοι.
1296 2989 1355 3051 Καί
1371 2990 1416 3062 τίς

319 3099 379 3190 γάρ
397 3098 434 3162 οἰν
451 3094 585 3170 εἰδείη
557 3122 591 3162 το
606 3095 764 3184 μέλλον,”
742 3098 797 3160 ανθ
799 3121 897 3188 ρωπος
917 3102 970 3182 ὥν,
987 3094 1097 3173 δειλοῖς
1112 3097 1266 3189 λογισμοῖς
1278 3100 1330 3163 καί
1346 3097 1414 3164 ε’πι-

318 3209 415 3283 νοίαις
436 3202 668 3348 διεξαγόμενος;
689 3206 811 3292 μόνονί
797 3201 876 3270 ἴδιον
892 3210 981 3270 τοῦτο
1005 3209 1097 3284 θεοῖς,
1119 3210 1171 3272 καί
1195 3201 1240 3282 οἷς
1257 3208 1293 3272 ἂν
1311 3207 1416 3273 ἐκεῖνοι

318 3313 541 3449 χαρίσωνταιλ
568 3321 609 3392 Ως
636 3319 696 3380 εἴθε
717 3317 809 3402 κάμοί
832 3317 899 3381 τότε
924 3316 970 3381 ἐπί
999 3323 1065 3381 νοῦν
1091 3317 1205 3381 ἐτίθουν
1232 3319 1266 3383 τί
1296 3342 1414 3404 συμπε-

321 3426 476 3515 σούμενον·
498 3430 523 3492 εἰ
548 3419 631 3492 δ”
600 3452 664 3512 ουν,
686 3428 765 3493 άλλαί
782 3426 879 3518 σοίγ’
899 3427 1000 3514 αύτῷ,
1027 3429 1078 3492 καί
1100 3430 1208 3519 θάρρος
1225 3423 1344 3492 ἐδίδουν
1363 3430 1415 3492 καί

321 3536 410 3626 ἰσχύν
420 3536 543 3603 κωλύειν
553 3539 685 3630 ἀρχῆθεν
697 3539 749 3602 καί
762 3538 814 3607 τῆν
828 3539 944 3630 γραφῆν
955 3540 1006 3603 καί
1022 3538 1074 3607 τὴν
1088 3536 1133 3602 ἐπὶ
1144 3545 1203 3602 τῶν
1213 3535 1336 3624 λιμένων
1344 3539 1418 3601 στά-

321 3671 382 3733 σιν,
402 3649 455 3713 καί
473 3656 533 3714 πάν
551 3647 647 3713 ἐκεῖσε
666 3647 801 3740 πραχθὲν
816 3645 928 3741 ἕτερον.
943 3651 1079 3723 Μάταιος
1096 3650 1156 3739 γάρ
1174 3649 1210 3712 άν
1227 3643 1262 3719 ῆν
1276 3647 1306 3724 ἐς
1322 3645 1416 3738 ὑπερ·

324 3754 442 3842 ὃολῆνἿ,
466 3765 547 3851 είπερ
570 3756 673 3846 μόνον8
695 3757 846 3846 ὑπέμνησὲ
867 3761 930 3845 τίς,
952 3761 1004 3824 καί
1029 3759 1070 3847 μὴ
1093 3757 1137 3824 ὅτι
1159 3758 1257 3824 θέοθεν
1278 3762 1343 3848 ἔχει
1365 3760 1418 3829 τὴν

356 3965 547 4033 *suajurandum
566 3968 756 4037 Hippocrateum
768 3991 773 4019 ι
787 3972 854 4022 διαι-
914 3970 972 4020 ‘De
981 3976 1125 4039 καθιστορεῖν
1135 3986 1160 4035 p.
1173 3971 1215 4031 49,
1230 3971 1268 4028 16,
1282 3982 1338 4016 cum
1354 3984 1378 4017 n.
1395 3969 1419 4014 2.

323 4053 414 4110 τῆμασί
423 4065 450 4096 τε
462 4055 584 4115 χρήσομαι
598 4050 634 4098 ἐπ’
645 4051 742 4119 ὠφελείῃ
753 4054 856 4114 καμνόν·
916 4048 1038 4099 “Schola
1057 4055 1180 4113 συγγνώμη
1205 4053 1250 4114 πρὸ
1275 4052 1316 4095 τοῦ
1337 4048 1418 4112 ἑτέρου

322 4144 369 4175 των
388 4132 452 4177 κατὰ
470 4128 569 4192 δύναμιν
585 4135 625 4178 καί
641 4137 715 4196 κρίσιν
733 4130 800 4193 ἰμῆν,
816 4129 855 4177 ίπί
884 4129 1044 4186 ἀντιθετικοΰ,
1060 4126 1102 4184 τῆς
1115 4129 1273 4180 ἀντιστάσεως
1283 4124 1385 4180 δηλαδή.

323 4204 417 4261 δηλήσει
432 4205 458 4254 δί
470 4212 511 4256 καὶ
522 4207 603 4276 ἀδικίῃ
613 4209 693 4275 εἴρξω.
917 4205 928 4232 ⁶
939 4205 1037 4267 Codex,
1063 4211 1223 4272 χαρίσωνται,
1253 4201 1419 4268 superscripto

355 4278 551 4346 'Iusiurandum
560 4285 750 4350 Hippocrateum
760 4302 766 4333 ι
778 4290 859 4349 μετοί-
885 4287 948 4352 δωρή
962 4283 1086 4350 ριίότῖίκιο
1095 4282 1205 4348 syllabis.

323 4361 386 4412 δοσιν
396 4366 558 4413 ποιεῖσθαι....
569 4356 700 4428 μαθηταῑσι
708 4381 859 4429 συγγεγραμ-
920 4361 930 4387 ¹
943 4361 1041 4420 Codex,
1051 4364 1073 4419 ἐς
1083 4361 1209 4426 ύπερθολῆν
1218 4364 1269 4412 καθ’
1281 4362 1417 4430 ὑπερὸολῆν.

323 4445 401 4504 μίνσις
415 4460 443 4491 τε
458 4446 499 4491 καί
508 4446 659 4510 ὡρκισμένοις
673 4447 735 4509 νόμῳ
749 4446 856 4512 ἰητρικῷ.
887 4442 957 4504 Quod
969 4457 1017 4490 non
1032 4441 1112 4506 potuit
1125 4439 1233 4489 retineri.

357 4517 367 4543 ³
378 4517 420 4568 Sic
433 4518 522 4570 codex.
531 4520 644 4572 Fortasse
654 4525 685 4578 ὣς
699 4520 710 4571 ὅ
722 4541 755 4570 τι.
921 4519 932 4546 ⁸
944 4519 1042 4580 Codex,
1053 4525 1134 4584 μόνον.
