3684 5659
799 614 955 678 ΜΕΛΕΤΗ
978 604 1039 677 lA'.
1386 614 1464 683 ’ἳθῗ

370 744 407 815 δὲ
419 754 485 814 όντι
505 743 614 813 δίκαια
629 750 669 811 τά
687 753 741 821 τῆς
757 748 902 837 τιμωρίας
918 748 991 836 πρὸς
1011 747 1061 810 τόν
1078 748 1153 812 υἱόν·
1173 751 1225 813 καὶ
1249 749 1344 842 ὥςπερ
1361 755 1395 818 τό
1416 753 1465 820 αἶ·

368 881 449 948 σχος
466 857 497 923 έν
513 856 578 945 ἐμοὶ
598 858 678 944 μόνῳ
696 857 780 948 παρά
795 855 865 931 τοὺς
882 856 993 932 ἀλλους
1011 861 1154 949 άνῄρται,
1170 857 1246 924 οὕτω
1263 857 1301 931 δὴ
1314 865 1366 927 καὶ
1380 867 1398 934 ἡ
1410 872 1462 930 τοῦ

371 976 436 1045 πῶς
453 963 591 1034 ἐκποδὼν
606 968 640 1032 τό
658 967 752 1033 κακὸν
770 974 815 1037 εἴη
834 971 951 1057 φροντίς
971 968 1036 1054 ἐμοὶ
1055 973 1194 1060 προςήκει
1211 974 1263 1035 καί
1284 971 1341 1060 οὐχ
1360 972 1463 1064 ἑτέρῳ.

372 1082 499 1171 Σφάττω
523 1081 635 1161 τοίνυν,
658 1077 696 1143 οῦ
721 1074 849 1153 δυςνοῶν
871 1086 913 1164 τῷ
938 1074 1043 1162 παιδί,
1062 1115 1111 1126 -
1127 1082 1169 1167 μὴ
1185 1081 1317 1173 γένοιτο,
1335 1084 1463 1176 γενέθλιε

370 1189 443 1256 Ζεῦί
458 1224 510 1239 ·-
526 1188 595 1254 ἀλλ’
620 1188 820 1254 ἀπαλλάττων
845 1187 897 1276 μὲν
915 1196 1045 1277 αἴσχους
1062 1192 1114 1260 την
1136 1192 1220 1256 πόλιν
1247 1195 1282 1258 οῦ
1303 1219 1331 1258 τι
1354 1199 1463 1287 ῥητοῦ,

373 1301 575 1367 ἀπαλλάττων
597 1295 631 1364 δὲ
658 1297 737 1386 κάμὲ
755 1300 807 1364 καὶ
826 1298 961 1390 τὸγένος
979 1297 1112 1376 ὀνείδους
1137 1305 1280 1392 μεγίστου
1298 1309 1350 1370 καί
1375 1307 1390 1371 θ
1412 1308 1466 1372 οῦκ

374 1418 411 1477 ἀν
428 1437 474 1487 τις
490 1403 523 1475 εὖ
540 1418 653 1502 φρονῶν
670 1406 887 1485 καταδέξαιτο.

423 1523 459 1585 Τί
471 1523 531 1612 γάρ
543 1525 644 1608 μεῖζον
658 1523 700 1596 είς
711 1515 824 1595 ’όνειδος
837 1519 949 1612 ἕτερον,
962 1531 1134 1613 στρατηγῷ,
1147 1525 1265 1613 ἀριστεῖ
1275 1527 1327 1589 καί
1338 1525 1464 1605 ταῦτα’,

373 1631 477 1703 ἦνίδν
491 1637 572 1719 ἴχειν
596 1633 710 1718 κώμοις
736 1633 787 1695 καί
808 1630 914 1717 μέθαις
931 1633 982 1696 καί
1002 1631 1170 1722 πορνείαις’
1187 1633 1329 1726 όςημέραι
1345 1637 1467 1724 σχολά-

376 1747 485 1828 ζοντα,
504 1738 597 1830 μηδὲν
614 1743 655 1829 μὴ
673 1742 778 1833 μικρὸν
795 1741 813 1812 ἢ
831 1749 934 1829 μεῖζον
956 1747 1020 1836 περὶ
1043 1747 1225 1836 τοῦπατρὸς
1241 1746 1396 1812 ἐννοοῦντα
1413 1751 1465 1813 καί

374 1858 429 1920 τοῦ
441 1858 590 1945 πατρικοῦ
608 1855 812 1936 καθήκοντος,
827 1852 907 1917 ἀλλά
925 1853 1013 1943 λῆρον
1031 1857 1141 1942 ἔχοντα
1159 1857 1200 1943 μὴ
1218 1856 1263 1921 ότι
1282 1882 1317 1947 γε
1336 1883 1467 1948 στρατη-

370 1966 447 2055 γίας
463 1965 515 2028 καί
536 1965 712 2054 ἀριστείας,
732 1963 877 2028 ἀλλὰκαὶ
896 1973 999 2029 πάσαν
1013 1962 1119 2056 πρᾶξιν
1138 1976 1190 2042 τῆς
1204 1968 1335 2045 πόλεως;

423 2073 465 2138 Σὺ
480 2069 532 2138 δὲ”
543 2077 643 2139 πάντα
655 2079 754 2139 ταῦτα
770 2069 994 2166 παραδραμών,
1011 2082 1073 2139 ἀνω
1086 2079 1138 2142 καί
1153 2080 1237 2142 κάτω
1251 2078 1352 2153 συθείς
1366 2079 1464 2169 φόνον,

374 2187 427 2250 καί
446 2186 534 2274 φόνον
550 2185 636 2266 υἱοῦ,
657 2185 753 2276 ὥςπερ
769 2183 803 2248 οὐ
824 2184 939 2271 μάλλον
956 2185 1029 2273 ἐμοῦ
1050 2187 1220 2278 καταγνοὺς
1242 2192 1359 2281 μωρίαν
1374 2189 1393 2259 ἢ
1409 2198 1467 2254 τῶν

376 2292 531 2361 δικαστῶν
550 2297 702 2385 ἀπειρίαν,
722 2297 762 2371 ὡς
785 2294 915 2360 ἐνταῦθα
934 2301 1136 2386 συναρπάσων
1154 2298 1264 2374 αὐτοὺς
1283 2299 1353 2363 κατ’
1374 2300 1464 2386 ε’μοῦ,

376 2401 471 2493 μηδὲν
489 2403 561 2492 μήτ’
575 2404 650 2492 ἐμοῦ
666 2407 706 2469 τά
723 2401 831 2470 δίκαια
849 2405 1134 2496 ἀπολογησομένου,
1155 2407 1225 2495 μήτ’
1244 2408 1343 2472 αὐτῶν
1360 2412 1466 2498 ἀσφα-

371 2517 435 2593 λῶς
449 2516 638 2592 ζητησόντων
658 2518 713 2591 τάς
731 2523 784 2581 τοῦ
809 2518 897 2607 φόνου
914 2519 1096 2609 προφάσεις,
1116 2518 1184 2583 ἀλλ’
1208 2518 1253 2583 ότι
1270 2518 1358 2604 μόνον
1380 2520 1467 2607 φόνος

374 2622 646 2693 καταδικασόντων
662 2625 747 2702 εὐθὺς
761 2627 811 2690 τόν
826 2623 996 2717 πράξαντα.

425 2738 521 2812 Φόνος
539 2730 704 2827 ἐπράχθη*’
726 2734 808 2820 ἀλλ’,
829 2736 869 2811 ὡς
892 2735 953 2826 ἐγὼ
976 2735 1072 2826 λέγω,
1096 2740 1148 2802 καὶ
1175 2733 1307 2812 δίκαιος.
1328 2719 1404 2803 Emi
1420 2743 1468 2804 τοί

374 2848 465 2938 γεμὴ
480 2847 534 2917 τίιν
550 2843 657 2937 πρᾶξιν
674 2847 778 2933 μόνην,
797 2845 877 2910 ἀλλά
893 2848 945 2910 καί
963 2847 1015 2915 τὴν
1034 2845 1104 2934 ε’μίιν
1117 2844 1254 2913 διάνοιαν
1271 2849 1389 2913 σκόπει.

423 2960 462 3024 Εἰ
479 2955 533 3045 μὲν
549 2959 609 3050 γάρ
626 2956 726 3048 ἐγένου
742 2957 840 3049 πατὴρ
859 2958 1013 3022 υἱοῦ-εί
1031 2955 1061 3022 δ’
1078 2952 1142 3037 οῦν,
1158 2959 1226 3024 ἀλλ’
1241 2963 1398 3047 ἀνάμεινον
1412 2964 1464 3025 καί

373 3072 488 3160 γενήσῃ
498 3114 509 3149 ,
526 3070 578 3177 καί
597 3069 699 3159 γνώσῃ
718 3067 833 3159 φύσεως
850 3070 958 3156 νόμους
975 3069 1194 3161 ἀπαραθάτους
1211 3073 1262 3136 καί
1279 3068 1380 3155 βίαιον
1397 3071 1467 3135 σῦν-

373 3176 501 3268 δεσμον.
520 3179 623 3269 Αλογα
649 3182 714 3254 ζῶά
739 3203 772 3243 σε
795 3182 892 3244 πείσει
915 3182 967 3244 καὶ
990 3184 1088 3252 ἀπηνή
1107 3184 1195 3274 θηρία
1217 3184 1268 3247 καί
1289 3189 1383 3273 άγρια
1407 3191 1465 3247 τῶν

374 3287 494 3357 παίδων
511 3286 797 3381 προκινδυνεύοντα·
821 3292 878 3355 κάν
894 3297 1003 3381 ἀρκτον
1022 3300 1137 3374 ε’ίποις,
1155 3294 1212 3357 κάν
1235 3294 1369 3377 λέαιναν,
1388 3291 1466 3370 ίδοις

370 3402 412 3469 ἀν
434 3400 553 3476 ἐκείνας
578 3399 822 3490 ἀμφιθαινοόσας
845 3409 904 3465 τῶν
929 3401 1051 3485 τέκνων,
1082 3401 1192 3477 ἑαυτάς
1220 3402 1466 3491 προθαλλομένας

373 3521 437 3587 τοῖς
454 3520 613 3601 κυνηγοῖς,
629 3511 685 3574 κάν
706 3506 759 3600 δέῃ
775 3515 881 3576 παθεῖν
897 3515 937 3575 τά
957 3515 1094 3599 ἔσχατα,
1111 3511 1199 3576 πάντ’
1222 3511 1383 3588 ἐθελούσας
1399 3517 1463 3578 πά-

372 3647 461 3712 σχειν
479 3618 516 3693 ἢ“
531 3622 571 3685 τά
594 3623 704 3712 ἔγγονα
720 3617 898 3711 προδιδόναι
916 3623 989 3714 πρὸς
1006 3629 1105 3715 άγραν
1121 3631 1184 3698 τοῖς
1207 3629 1292 3714 άγειν
1315 3623 1462 3690 ἐθέλουσι.

373 3736 409 3797 Τί
424 3735 523 3797 τοίνυν
540 3726 617 3820 μηδὲ
636 3731 725 3795 τόσον
748 3727 841 3806 δίδως
858 3735 970 3819 κάμοί,
996 3724 1030 3796 οῦ
1053 3735 1105 3797 καί
1126 3742 1190 3808 τοῖς
1212 3733 1335 3826 ἀλόγοις
1353 3737 1465 3826 θηρίοις

373 3966 430 4019 ctivi
439 3967 529 4032 putitio
538 3983 564 4032 p.
577 3968 616 4030 Η,
624 3968 697 4036 ὑφέξω
705 3975 748 4025 τὰς
756 3968 820 4026 δίκας
829 3971 908 4028 ἀξίας,
933 3969 997 4017 nisse
1011 3969 1078 4018 Pauli
1091 3969 1129 4017 Ad
1140 3969 1211 4018 Rom.
1230 3974 1274 4029 1³,
1287 3972 1316 4018 13
1328 3990 1334 4018 t
1348 3972 1465 4034 εὐσχημό-

373 4054 399 4093 et
413 4061 442 4110 p.
460 4045 521 4108 150,
537 4047 626 4096 δέδωκα
636 4054 678 4103 τὰς
695 4048 762 4103 δίκας
772 4049 854 4105 ἀξίας,
867 4062 906 4095 me
932 4068 973 4104 νως
981 4056 1177 4114 περιπατήσωμεν
1187 4056 1220 4110 μὴ
1230 4055 1316 4111 κώμοις
1324 4057 1363 4096 καί
1371 4050 1463 4112 μέθαις,

368 4121 496 4184 -ιιιτλιννίι,
510 4135 537 4174 ut
546 4125 570 4173 in
581 4125 660 4189 primo
671 4125 727 4175 Ιοοο
740 4125 907 4189 rescripserim
931 4133 964 4188 μὴ
975 4133 1065 4182 κοίταις
1075 4132 1114 4174 καὶ
1126 4127 1267 4187 ἀσελγείαις.
1280 4124 1318 4174 Cf.
1332 4141 1358 4189 p.
1368 4128 1427 4188 213,
1438 4129 1463 4175 9.

373 4203 458 4262 ιἰξίιις,
473 4200 541 4266 cujus
556 4203 695 4252 mutationis
706 4218 745 4252 me
760 4203 837 4251 serius
853 4218 906 4267 ρυε-
966 4203 1081 4252 ³Schol.:
1093 4206 1204 4269 προθολη.

371 4280 452 4329 nituit·
967 4279 1086 4330 ‘Schol.:
1100 4288 1132 4330 τὰ
1152 4283 1194 4330 ἀπ’
1212 4282 1287 4348 ἀρχῆς
1310 4283 1368 4351 ἄχρι
1387 4286 1466 4339 τέλους

408 4357 414 4383 ¹
427 4364 477 4407 Καὶ
491 4356 579 4421 ταῦτα]
591 4358 647 4408 vide
657 4375 685 4424 p.
699 4360 762 4419 208,
773 4374 798 4407 n.
814 4362 836 4407 l.
935 4363 1028 4411 διάνοια
1040 4367 1081 4410 τοῦ
1094 4365 1234 4429 πράξαντος.

406 4434 416 4460 ¹
428 4434 532 4487 Videtur
542 4435 616 4487 homo
626 4436 805 4488 ecclesiasticus
820 4437 908 4486 mvmi-
968 4438 978 4463 ¹⁵
993 4437 1090 4502 Ellipsis
1105 4438 1131 4488 fit
1145 4437 1252 4488 adverbii
1266 4444 1362 4503 μᾶλλον.

1286 4522 1324 4576 28
