3684 5659
817 597 1039 659 ΕΠΙΤΑΦΙΟΣ.

529 716 630 826 Ηγόιρ
649 733 776 809 κιθωτὸς
793 743 851 798 τῶν
869 733 940 797 καθ’
958 731 1052 820 ύμόις1
1072 732 1198 818 βιθλόων

531 849 572 920 εἰς
589 847 641 916 τὴν
659 845 786 910 κιθωτὸν
801 852 853 919 τῆς
871 846 983 934 φθορᾶς
1001 847 1165 936 ἀνετράπη.

527 951 761 1045 Δικαιορύλοιξζ
781 957 805 1018 εἰ
824 953 945 1040 μέτεστί
962 977 1010 1018 σοι
1026 956 1116 1022 πάλιν

527 1068 643 1152 θεσμῶν
659 1058 811 1156 φυλακῶς8
827 1063 878 1125 καὶ
899 1058 1060 1153 βραθεύεις
1075 1077 1144 1143 ταῖς
1163 1065 1283 1148 δίκαις,
1434 1080 1474 1140 50

528 1173 666 1259 θέσπιζε,
689 1170 875 1264 θοχμοέτιζε,
894 1173 951 1248 τόις
969 1178 1092 1251 στάσεις
1109 1177 1176 1263 λύε,

528 1285 580 1354 τήν
599 1284 873 1376 ἀπροσωπόληπτον
890 1280 1005 1373 ἐξάγων
1022 1290 1136 1376 κρίσιν·

516 1396 619 1471 ζῆλος
636 1399 695 1486 χόιρ
714 1396 729 1458 ὁ
746 1397 814 1485 πρὶν
831 1393 865 1457 ού
883 1394 1069 1460 συναπέθανέ
1086 1422 1147 1463 σοι.

528 1479 583 1597 Ᾰρ’
602 1507 670 1595 οὐχὶ
691 1508 741 1571 καὶ
762 1510 819 1580 ζῶν
836 1505 888 1573 την
905 1503 1041 1576 τελευτὴν
1061 1507 1215 1595 ε’σκόπεις,

527 1621 577 1714 καὶ
594 1613 679 1682 τόνθε
696 1616 796 1690 καλῶς
814 1610 1016 1706 ἐτραχῴθεις”
1032 1619 1081 1682 τὸν
1098 1617 1183 1703 βίον;

526 1713 569 1804 ug
585 1728 672 1793 κύκνε
690 1724 776 1817 λευκὲ
793 1733 829 1813 τῇ
847 1724 992 1813 πτερώσει
1009 1733 1062 1791 τοῦ
1078 1730 1217 1820 χρόνουθ,

527 1839 620 1903 ἐκεῖνο
637 1843 725 1902 τοῦτο
743 1837 814 1919 καὶ,
834 1833 984 1899 τοσούτων
1001 1828 1073 1927 peti!
1093 1843 1202 1927 πόνων,

525 1951 575 2014 τὸν
593 1954 646 2013 τού
662 1947 764 2022 τέλους
782 1948 929 2036 τρίπηχυν
947 1947 1082 2013 ἀνθείλου
1100 1951 1219 2042 τάφονῖ

411 2158 420 2185 ⁴
434 2157 510 2218 odd„
524 2162 596 2221 ἡμᾶς.
607 2154 699 2210 Codd..
710 2155 779 2219 ὑμᾶς.
790 2152 912 2203 Himerius
939 2152 1040 2205 Servato
1056 2171 1162 2227 πτερῶν,
1172 2162 1265 2214 ‚malim
1281 2166 1306 2214 id
1322 2167 1412 2220 habere
1426 2187 1471 2236 pro

376 2237 444 2288 Orat.
456 2240 481 2295 3,
495 2239 508 2285 i
522 2255 528 2285 τ
541 2237 623 2300 μηδεὶς
638 2235 702 2298 ὑμῶν
717 2226 835 2300 θαυμοὶσρ.
847 2232 912 2281 (ἶὶῑθῑ
939 2234 1058 2295 genitivo,
1075 2249 1102 2287 ut
1119 2252 1209 2307 πτερῶν
1222 2250 1262 2292 καλ
1279 2257 1370 2302 πτηνῶν
1386 2246 1470 2313 ὕψωμα

376 2315 493 2367 Werned.
506 2321 573 2380 ἡμῶν
584 2329 598 2363 e
608 2311 675 2371 eod.;
688 2327 735 2376 ego
746 2312 827 2377 reperi
836 2311 910 2374 ὑμῶν.
939 2311 1070 2363 celsissima
1084 2316 1197 2383 designet
1210 2322 1263 2370 coeli
1273 2325 1352 2387 spatia
1364 2327 1471 2378 volueri-

409 2392 610 2458 'Pachymerem
634 2391 779 2456 alloquitur,
804 2390 845 2455 qui
867 2387 913 2437 tuit
938 2387 982 2437 bus
1008 2395 1125 2454 patentia.
1146 2396 1227 2447 Malim
1251 2401 1324 2450 etiam
1349 2405 1470 2469 corrigere

376 2471 560 2536 Dieoeophyiax.
575 2469 637 2519 Vide
650 2485 677 2534 p.
692 2471 714 2518 1.
937 2477 1028 2534 περῶν,
1055 2488 1066 2514 ι
1091 2472 1208 2525 altissima
1232 2477 1354 2541 trajiciens
1381 2495 1470 2534 cuneta

409 2549 420 2577 ³
435 2549 512 2610 Edu,
527 2553 631 2619 φυλακή,
645 2559 670 2598 et
685 2547 722 2596 oio
733 2547 854 2610 Congius,
868 2546 911 2611 qui
938 2547 1016 2607 spatia
1035 2566 1057 2595 ν.
1074 2550 1206 2602 permutari
1220 2575 1253 2605 πτ
1264 2565 1289 2604 et
1299 2577 1317 2605 π
1328 2562 1471 2612 monstravit

373 2631 457 2680 locum
477 2627 561 2678 laudat
581 2627 660 2677 (λίθοι.
678 2626 724 2677 συθ
742 2629 908 2693 Δικαισρύλαξ.
937 2623 1030 2675 Bestius
1049 2627 1185 2680 Comment.
1207 2633 1321 2698 palaeogr.
1345 2635 1386 2684 Sio
1406 2639 1470 2688 vita-

373 2708 412 2768 A,
425 2711 535 2777 φυλακῆς.
550 2706 583 2768 Β,
597 2710 698 2776 ρυλακαι
711 2711 750 2755 καλ
765 2707 908 2773 βρκόιύσεις.
937 2700 1002 2752 bitur
1024 2705 1148 2771 inelegans
1170 2712 1285 2775 repetitio
1305 2721 1423 2781 πτερωτός
1446 2729 1471 2767 et

407 2785 419 2813 ⁴
432 2786 551 2837 «Phraeie
563 2785 626 2843 haec‚
639 2787 769 2853 τραγῳδεῖν
787 2792 827 2834 τὸν
842 2791 907 2851 βίον,
937 2794 1038 2850 πτερῶν.

373 2864 498 2930 signifieat
524 2864 652 2930 deplorare
676 2865 750 2914 vitam
779 2863 908 2912 humanam
970 2859 1107 2913 “Mendum
1133 2882 1160 2915 ιο
1184 2868 1282 2930 videre,
1308 2887 1356 2920 non
1380 2870 1469 2924 honam

374 2944 477 3011 ejusque
485 2958 620 3009 agnoscere
633 2953 658 2992 et
668 2957 798 2992 recensere
810 2942 908 2993 colami-
936 2940 1132 2992 emendationem
1154 2945 1308 2999 Wernsdorf.
1332 2951 1374 2999 ait.
1400 2951 1470 3013 Quod

375 3032 451 3084 tetes,
466 3022 532 3088 quod
547 3032 633 3088 postea
646 3022 673 3070 iit
684 3037 708 3071 v.
723 3023 750 3069 61
772 3040 794 3069 ν.
809 3020 851 3069 W.
864 3021 909 3069 ΑΙ·
935 3017 1041 3083 conjecit
1053 3023 1147 3072 omitto.
1158 3024 1198 3074 Sic
1209 3037 1290 3077 eutem
1301 3028 1382 3077 locum
1395 3030 1467 3078 intel·

373 3100 425 3152 ludi
437 3101 535 3151 videtur
548 3099 579 3150 ad
594 3099 749 3164 Paehymerio
763 3113 861 3148 carmen
877 3098 908 3147 de
935 3097 984 3162 ligo
999 3120 1006 3147 :
1021 3118 1032 3144 α
1047 3100 1071 3149 id
1087 3102 1180 3165 ipsum,
1199 3104 1265 3154 illam
1283 3107 1381 3171 inquam
1397 3108 1469 3156 cani-

374 3177 800 3237 vitaeua.-Vidosie1⁴'abricium,l,o.
812 3194 837 3243 p.
848 3179 906 3226 786.
936 3175 1008 3237 uem,
1030 3189 1070 3240 et,
1093 3196 1138 3244 pro
1157 3183 1228 3232 tantis
1245 3182 1307 3233 heu!
1325 3183 1468 3243 laboribus,

407 3258 418 3285 ¹
439 3257 521 3318 Edu,
544 3267 579 3326 τῷ
603 3256 722 3324 πρεπώθει
747 3262 789 3306 τοῦ
814 3261 906 3323 χρόνονΙ
936 3255 1075 3306 tricubitum
1098 3259 1273 3326 termineieque
1297 3262 1339 3311 tibi
1363 3263 1468 3312 sumsisti

374 3334 466 3397 codd„
492 3346 523 3405 τῇ
548 3343 679 3403 πτερώσει,
705 3334 771 3400 quod
795 3335 878 3399 recepi
899 3354 905 3384 ι
934 3333 1468 3400 sepnicrum».Carminede0fficiis,inedito

377 3412 591 3465 «Oloroeandide
601 3413 676 3463 celeri
685 3413 749 3462 facte
759 3413 839 3461 volatu
847 3422 907 3462 tem·
936 3408 1031 3469 Philes,
1050 3427 1074 3460 v.
1094 3415 1139 3461 113
1155 3411 1291 3479 ιἘχνωμεν
1306 3420 1414 3485 λαμπρόν
1429 3427 1467 3468 τόν

363 3494 443 3558 poris
464 3511 488 3542 ιν.
504 3491 607 3542 Nomine
626 3491 670 3541 illo
695 3497 809 3558 πτέρωσις
832 3491 909 3539 ducor
936 3495 1041 3552 Χσῦμνσν
1056 3495 1192 3542 Κανικλιίιυ
1207 3510 1211 3545 t
1222 3493 1386 3557 Nicephorum
1399 3496 1467 3546 ilium

373 3570 405 3621 ad
424 3570 575 3635 epigramma
590 3569 701 3636 Sylloges
713 3569 904 3627 Welokerianae‚
935 3566 1073 3617 Chuinuum
1093 3569 1200 3619 caniciei
1222 3570 1378 3634 prefectum,
1399 3572 1468 3637 eujus

373 3665 401 3714 p.
413 3648 474 3709 1⁴9,
484 3646 549 3714 quod
562 3647 700 3698 intransitu
711 3658 806 3697 tentare
817 3647 903 3696 liceat:
936 3647 1054 3709 opuscula
1067 3647 1171 3711 piurima
1185 3659 1210 3698 et
1226 3650 1342 3715 epistolae
1357 3652 1467 3714 evulgavi

373 3728 447 3779 Οὐδέν
459 3734 487 3778 τὸ
498 3736 593 3789 πεῖσαν,
604 3731 634 3785 ὡς
647 3729 720 3786 δοκῶ,
735 3732 787 3784 τοὺς
800 3733 855 3794 πρὶν
867 3729 908 3776 λέ·
935 3725 960 3773 in
974 3724 1107 3774 Anecdutis
1121 3726 1211 3776 Graect's
1225 3743 1254 3778 ac
1270 3728 1371 3793 Novis),
1384 3735 1467 3780 Στάτιν

373 3826 422 3871 χειν
431 3803 470 3864 Ὠς
480 3805 578 3876 ούρανοῦ
586 3812 677 3856 κάτεισι
685 3816 731 3856 τῶν
740 3811 819 3871 ψυχῶν
831 3810 907 3870 γένος,
934 3804 1020 3867 ἔχοντα
1042 3813 1139 3869 μείζονα
1160 3818 1202 3865 τῆς
1223 3814 1350 3876 προτέρας,
1369 3815 1416 3858 Καὶ
1439 3811 1467 3866 δὴ

372 3881 426 3937 Ἀλλ’
440 3888 455 3943 θ
470 3891 591 3953 πτερωτὸς
603 3892 643 3934 καλ
660 3890 751 3951 τρέχων
768 3892 805 3934 τόν
824 3888 907 3950 αἰθέρα
935 3887 987 3947 μετ’
998 3883 1068 3935 αὐτόν
1079 3892 1119 3934 τόν
1130 3889 1199 3937 καλὸν
1215 3893 1347 3950 Μιτοχίτην
1361 3892 1465 3948 Λοχοθε-

373 3970 422 4014 Καὶ
436 3972 483 4014 πᾶν
497 3973 588 4030 πτερῶν
600 3961 685 4028 ὕψωμα
698 3969 747 4020 νοῦς
761 3965 905 4027 Ἰαμθλόχου.
935 3973 980 4013 τῶν
1004 3969 1114 4028 μέγιστον
1136 3973 1217 4032 copias
1246 3969 1319 4022 λῆξιν,
1349 3971 1466 4031 Φοροῦντοι

373 4041 477 4092 Putabat
489 4042 527 4093 vit·
540 4041 566 4093 d.
581 4057 636 4093 esee
648 4051 738 4108 πτερῶν
751 4042 906 4108 participium
934 4053 1020 4109 χρυσῆν
1031 4044 1127 4110 ἐρυθρὰν
1139 4051 1181 4100 τὴν
1195 4046 1340 4109 καλύπτραν,
1354 4041 1383 4090 Ἣ
1393 4043 1465 4108 δῶρον

372 4121 441 4172 verbi
466 4129 575 4189 πτεροῦν,
597 4121 666 4187 ¹quod
689 4121 735 4186 ipsi
759 4138 771 4165 u
791 4121 874 4171 volate
893 4141 904 4166 ι
934 4122 998 4188 αύτῷ
1010 4128 1158 4184 σννανὲχοντι
1170 4125 1255 4188 κράτος
1263 4115 1326 4178 itia}
1338 4123 1466 4188 ύλαμπρὸς

372 4199 509 4266 significat,
529 4211 556 4251 ut
578 4200 610 4250 sit
632 4211 723 4268 πτερῶν
745 4197 831 4265 ὕψωμα
855 4200 906 4250 fere
932 4196 1066 4267 Ἀνδρόνικος
1080 4205 1194 4266 παρέσχε.
1213 4203 1296 4246 Ταῦτα
1314 4204 1346 4247 τὰ
1367 4201 1465 4266 λαμπρὰ

371 4294 535 4346 synonymum
546 4279 708 4342 praecedentis
716 4280 842 4328 sementiae
853 4285 907 4345 τρέ-
934 4289 975 4336 τῆς
992 4283 1057 4328 κάτω
1074 4283 1246 4339 σκηπτουχίας,
1265 4277 1390 4345 Προεδρίας
1405 4285 1464 4342 σχή·

372 4378 419 4421 χων
431 4361 523 4428 αἰθέρα.
535 4358 575 4409 Sic
584 4374 652 4409 mene
662 4357 787 4408 lamblichi
797 4368 820 4406 et
831 4359 907 4408 currit
933 4377 1014 4421 ματα,
1026 4361 1153 4421 σεμνότης,
1165 4357 1236 4414 δόξα,
1246 4352 1313 4406 Ῥέων
1323 4375 1349 4406 τι
1358 4359 1464 4415 πλοῦτος,

373 4447 397 4486 et
408 4438 475 4488 volat
486 4453 533 4501 per
547 4437 637 4488 ethera
649 4448 674 4488 et
687 4437 773 4488 coelum
791 4435 903 4488 sublime.
933 4443 972 4485 καλ
993 4440 1063 4492 πηλὸς
1084 4437 1222 4502 ἐπηρμένος,
1244 4441 1313 4493 Kone
1342 4455 1368 4484 τε
1393 4439 1465 4499 τύχης

1305 4519 1344 4577 33
