3684 5659
823 611 979 673 MEAETH
1006 616 1051 676 Θ.
1413 613 1483 684 167

385 768 493 832 μενον,
518 745 595 817 πλην
621 745 666 811 ἐπὶ
691 746 848 838 γυναικῶν
869 748 1022 835 μάλιστα,
1049 748 1085 823 άς
1111 744 1149 819 θη
1173 753 1224 814 καί
1245 749 1374 844 ,ἑταίρας
1399 750 1483 831 ἰθίως

384 856 534 940 καλοῦσι,
563 859 669 933 ποινάς
694 857 825 947 ἐχούσας
847 862 898 923 καὶ
925 858 1048 935 ἑαυταῖς
1066 863 1118 924 καὶ
1138 869 1201 936 τοῖς
1220 858 1250 937 ἐξ
1270 862 1384 927 αὐτῶν·
1407 866 1481 956 ἀνὴρ

385 962 416 1029 θ’
434 969 459 1031 εί
475 966 529 1054 μὲν
546 966 733 1058 φυλαχθείη,
752 968 861 1033 καλόν·
882 973 907 1033 εί
926 964 956 1032 θ’
974 969 1065 1046 ἁλοὺς
1082 969 1232 1056 ἐπιμένοι,
1254 975 1342 1060 νόμον
1359 973 1412 1062 μὲν
1429 976 1482 1040 οὐκ

383 1080 447 1165 ἔχει
465 1077 517 1141 τόν
535 1087 743 1169 προςτιμώντα
760 1078 854 1167 τούτῳ
873 1080 952 1155 τινός
969 1080 1125 1168 χαλεποῦ,
1146 1081 1208 1145 οὔτ’
1232 1083 1332 1170 αὐτῷ,
1353 1088 1419 1150 οὔτε
1439 1096 1482 1173 τῷ

383 1185 414 1264 ἐξ
438 1188 546 1253 αὐτοῦ.
575 1170 646 1254 Ᾰλλ’
673 1189 774 1277 ὅμως,
805 1194 829 1255 εἰ
861 1188 1002 1276 βούλοιτό
1030 1216 1075 1266 τις
1102 1201 1159 1256 τῶν
1183 1193 1300 1259 πολλῶν
1322 1200 1481 1283 στομάτων

383 1299 535 1391 ἐλεύθερος
554 1305 619 1389 ζῇν,
639 1300 890 1392 παραφυλακτέον
908 1301 1009 1389 ἐκείνῳ
1026 1302 1172 1378 τὸπάθος
1189 1303 1219 1379 ἐς
1236 1305 1306 1369 ὅσον
1325 1301 1388 1370 οἷόν
1404 1332 1435 1372 τε
1448 1334 1477 1370 ν.

431 1409 525 1474 Ταῦτ’
549 1410 648 1502 ἔλεγεν
674 1412 829 1502 ὃπατόρ,
852 1411 940 1476 ταῦτ’
964 1419 1073 1483 ἤκουον
1096 1414 1258 1505 ὁσημέραι.
1290 1419 1347 1480 Καὶ
1379 1417 1480 1483 λοιπόν

381 1521 471 1596 πόνος
491 1519 557 1609 ἐμοὶ
580 1522 709 1610 συνεχὴς
733 1525 785 1587 καί
811 1519 930 1594 σπουθη
954 1527 1028 1610 μία,
1054 1525 1088 1588 τὸ
1113 1526 1195 1589 κατὰ
1215 1526 1254 1589 τόι
1274 1524 1479 1615 ἐπεσταλμένα

381 1656 490 1699 ποιειν.

430 1724 504 1809 Επεὶ
522 1739 551 1808 θ’
568 1747 611 1819 εἷς
626 1740 742 1837 άνθρας
758 1743 979 1837 παρηγγειλα’,
998 1749 1050 1811 καὶ
1068 1747 1188 1824 ἡλικίας
1206 1750 1341 1836 ιἡπτόμην
1359 1751 1429 1815 καθ’
1443 1754 1478 1824 ἢν

381 1852 472 1945 ἐχρῆν
489 1853 664 1945 ἐκλέγεσθαι
682 1858 734 1920 καί
758 1856 791 1920 τὸ
816 1853 1018 1943 ἐπιτήδευμα,
1042 1854 1207 1949 φιλόθημος
1225 1852 1306 1947 (πῶς
1324 1867 1435 1949 εἴποιμι
1446 1857 1477 1953 3)

380 1965 555 2057 ἐφαινόμην,
575 1967 626 2029 καί
651 1967 784 2042 ζηλωτὴς
809 1976 861 2043 τῆς
883 1968 1030 2060 ἡμετέρας
1046 1968 1198 2044 πολιτείας
1221 1970 1251 2047 ἐς
1269 1977 1376 2062 άκρον,
1399 1974 1476 2061 ὁμο-

379 2076 471 2168 λαγῶ.
493 2079 552 2142 Καὶ
572 2079 611 2141 τόι
631 2077 700 2142 κατ’
719 2074 800 2143 οἷκον
816 2081 901 2170 αφεὶς
917 2079 1077 2166 ἐξετάζειν,
1098 2083 1150 2145 καί
1169 2091 1291 2146 σκοπεῖν
1307 2091 1371 2159 πῶς
1390 2085 1426 2149 ἂν
1444 2086 1477 2151 ε”κ

379 2197 436 2252 τῶν
462 2184 616 2254 δυνατόν’
637 2192 879 2281 περιουσιάζοιμι
907 2190 1045 2278 ἐμαυτῷ,
1070 2189 1180 2283 φέρων8
1199 2202 1263 2268 τοῖς
1290 2204 1399 2270 κοινοῖς
1423 2198 1476 2268 την

379 2298 450 2386 ἐμὴν
473 2299 566 2390 ὁρμην
590 2295 719 2386 θίθωμι,
744 2303 814 2380 καί,
843 2303 945 2378 καθὼς
969 2304 1030 2389 ἔχοι
1060 2297 1234 2389 δυνάμεως,
1264 2302 1472 2390 πολιτεύομαι.

379 2409 422 2473 Οίι
437 2408 613 2501 πρεσόείαις
632 2406 782 2495 θιακονῶ,
808 2412 842 2476 οὐ
862 2417 992 2503 στρατοῦ
1019 2415 1214 2502 ἀφηγοῦμαι,
1244 2411 1298 2476 οὐκ
1323 2412 1475 2480 ε’πιστατώ

379 2519 570 2612 φορολόγοις,
591 2520 625 2585 οὐ
640 2521 833 2613 πρυτανεόω,
851 2521 905 2587 οὐκ
922 2520 996 2586 άλλο
1014 2546 1043 2585 τι
1063 2526 1196 2584 τοιοῦτον
1213 2521 1398 2611 μετέρχομαι
1415 2532 1474 2589 τῶν

378 2630 551 2695 πολιτικῶν.
573 2612 659 2716 Ᾰλλ’,
681 2639 780 2698 εἵπου
800 2630 895 2717 βουλὴ
913 2633 1069 2723 πρόκειται
1094 2640 1158 2706 πῶς
1175 2632 1257 2695 κατόι
1276 2631 1401 2723 τρόπονθ
1416 2661 1472 2726 γε·

378 2743 500 2813 νησεταί
515 2767 544 2808 τι
562 2745 614 2808 καί
633 2747 675 2819 εἰς
692 2743 853 2835 συμφέρον,
874 2746 926 2808 καί
946 2739 993 2807 θεῖ
1010 2741 1245 2833 συνερχομένους
1261 2742 1330 2819 τοὺς
1347 2740 1475 2828 Ιθουλευ-

377 2856 431 2930 τὰς
445 2855 480 2919 τὸ
498 2857 720 2945 παριστάμενον
736 2855 830 2945 λέγειν
845 2855 874 2930 ἐς
888 2854 957 2920 όσον
975 2853 1074 2941 ίσχόει
1093 2852 1241 2937 ἕκαστος,
1258 2856 1472 2945 συγκαλοῦμαι

378 2967 478 3057 κάγώ,
500 2966 552 3030 καί
570 2974 668 3057 κιχρῶ
686 2964 738 3053 μὲν
754 2975 790 3055 τῇ
809 2966 893 3031 πόλει
910 2967 960 3030 τόν
981 2971 1061 3044 νοῦν,
1083 2974 1180 3056 κιχρῶ
1198 2961 1231 3029 θὲ
1248 2966 1301 3035 την
1317 2965 1474 3057 γλῶτταν5

378 3079 414 3141 τά
430 3082 482 3142 τοῦ
499 3077 566 3152 νοός
585 3073 834 3168 ἐξαγγέλλουσαν.
853 3080 912 3142 Καὶ
934 3077 963 3153 ἐς
980 3077 1090 3142 ὁπόσον
1106 3079 1226 3167 φθάνω,
1246 3079 1299 3141 καί
1321 3077 1388 3163 μεθ’
1406 3081 1472 3155 οἵας

376 3166 495 3278 γνώμης
510 3189 551 3252 τόι
565 3195 620 3263 τῆς
637 3185 808 3273 σνμθουλῆς
826 3187 960 3275 μέτειμι,
982 3187 1067 3252 αὐτοὶ
1087 3196 1248 3278 μαρτυρεῖν
1267 3190 1365 3276 ἔχετε.
1384 3194 1471 3281 Μαρ·

406 3423 588 3490 ‘Pachymeres
600 3424 662 3473 nist.
675 3422 823 3483 Andronici,
836 3424 866 3481 5,
878 3424 906 3472 8ae
935 3427 1013 3489 Λόγῳ.
1026 3422 1060 3483 lbi
1070 3425 1168 3484 Segaar.
1184 3420 1303 3470 planudes
1314 3420 1376 3470 vitae
1385 3422 1469 3487 AEsopi

375 3510 464 3560 νεανίας
475 3522 514 3560 τις
529 3503 574 3559 ἤδη
591 3506 751 3570 παραγγείλας
766 3505 798 3558 εἰς
812 3502 906 3568 ἄνδρας.
934 3502 1011 3550 initio.
1029 3499 1130 3548 Praeibat
1143 3499 1318 3548 vetustissimus
1333 3508 1406 3560 poeta
1416 3500 1470 3564 Hy-

373 3579 488 3647 Synesius
502 3580 538 3630 De
552 3580 660 3645 provid.,
675 3597 702 3645 p.
714 3582 746 3627 70
758 3598 764 3628 τ
776 3587 907 3648 παραγγεί·
934 3596 991 3628 moo
1003 3581 1028 3628 in
1038 3579 1124 3639 Mero„
1135 3579 1166 3626 63
1178 3597 1184 3625 :
1196 3583 1243 3625 Καὶ
1253 3585 1295 3632 τὴν
1305 3584 1348 3640 μὲν
1357 3583 1470 3635 κατέθηκε

354 3664 601 3730 Ιλιιςείςφαλακροίνς.
613 3658 648 3710 lbi
658 3659 803 3724 Krabinger‚
813 3661 905 3725 p.139.
933 3668 1007 3729 φέρων
1027 3662 1079 3726 ἱερῷ
1101 3661 1133 3707 ἑνί
1154 3661 1235 3722 λικνῷ·
1257 3656 1298 3704 ubi
1318 3656 1415 3705 Ernest.
1438 3658 1470 3705 Et

372 3738 435 3789 Dixit
450 3739 579 3789 Chorioius
595 3746 653 3806 πρὸς
670 3739 757 3806 ἄνδρας
772 3741 905 3804 παρήγγελ-
933 3740 1004 3788 docta
1017 3750 1054 3786 ost
1064 3736 1204 3786 Giacomelli
1217 3745 1274 3783 noto
1284 3734 1315 3784 od
1326 3734 1403 3799 Soph.
1417 3736 1468 3795 El„

373 3821 416 3876 λις.
429 3816 492 3866 vide
506 3833 532 3866 n.
547 3816 578 3866 ad
592 3817 718 3866 Aneodota
729 3815 809 3873 Nova,
822 3831 848 3879 p.
863 3815 903 3862 41.
937 3819 1011 3874 1119,
1029 3816 1073 3864 sed
1091 3815 1121 3864 ad
1138 3815 1218 3864 locum
1238 3831 1285 3864 non
1304 3825 1466 3878 opportunum

403 3892 467 3946 ’Ἕκ
480 3917 504 3947 τ.
518 3896 633 3959 δυνατῶν]
647 3895 703 3944 vido
713 3911 739 3959 p.
757 3897 818 3952 112,
837 3910 861 3941 n.
878 3895 900 3942 1.
933 3896 1053 3959 apposita.
1069 3894 1164 3943 Etenim
1180 3894 1308 3958 Sophoclis
1322 3893 1408 3953 verbo,
1424 3900 1467 3960 ρι’·
1503 3950 1506 3955 4

405 3973 547 4042 wippo...
561 3973 658 4039 δίδωμι]
671 3974 794 4037 Eunapius
808 3980 905 4041 επρυςέ-
931 3994 1008 4041 ροντες
1020 3979 1116 4038 λείψανα
1128 3982 1252 4037 κομίζομεν
1266 3987 1314 4020 non
1328 3982 1384 4020 sunt
1398 3987 1466 4034 pror·

372 4058 423 4103 θιτο
441 4061 516 4122 φέρων
533 4056 614 4102 ἑαυτὸν
630 4054 721 4119 ἐκείνῳ·
737 4051 776 4102 ubl
790 4053 822 4101 de
838 4052 904 4101 idio·
932 4068 973 4100 sus
987 4050 1072 4100 eadem
1088 4050 1291 4114 procedentibus.

371 4133 440 4181 tismo
452 4130 495 4182 illo
509 4132 598 4181 multus
609 4132 641 4181 sui
656 4147 699 4198 pp.
714 4133 769 4190 157,
784 4132 841 4185 564.
855 4131 904 4179 Leo
967 4127 1057 4177 ’Κατὰ
1069 4127 1164 4195 τρόπον]
1181 4129 1216 4176 sio
1237 4142 1284 4175 non
1303 4122 1387 4173 semel.
1404 4122 1466 4172 Vide

373 4208 449 4268 Diae„
463 4212 493 4272 θ,
505 4212 520 4256 θ
534 4229 540 4258 ι
554 4209 611 4273 ἔγνω
624 4218 658 4274 μὴ
669 4210 690 4266 ἐς
700 4216 818 4278 προῦπτον
830 4211 904 4258 κίνόυ-
932 4223 957 4272 p.
975 4209 1033 4266 123,
1048 4222 1073 4253 n.
1087 4209 1112 4254 θ.

370 4308 405 4339 νον
424 4295 499 4358 φόρων
521 4291 622 4338 ἐνσεῖσαι
644 4289 727 4339 αὐτόν·
747 4288 788 4338 ubi
808 4289 904 4338 erudito
966 4284 1107 4334 'SicDeoL
1121 4285 1142 4332 X
1155 4283 1223 4333 initio
1237 4303 1243 4333 ι
1256 4292 1331 4349 κιχρῶ
1346 4288 1422 4331 τοίνυν
1436 4293 1466 4351 τῇ

370 4367 465 4418 Hosius.
472 4366 664 4419 GlemeosAlex.
674 4368 731 4429 Quis
738 4368 815 4426 divos,
824 4384 849 4432 p.
858 4369 901 4417 10:
931 4370 1004 4433 πόρνη
1014 4373 1056 4423 τὴν
1068 4368 1185 4428 γλῶτταν.
1201 4363 1294 4428 Supra,
1308 4377 1334 4426 p.
1350 4361 1377 4407 ¹9
1389 4380 1395 4408 ι
1409 4367 1466 4428 χρή-

371 4447 440 4498 οιὺτόν
464 4448 601 4497 ὑποόαλέτω
623 4453 697 4516 φέρων
721 4459 842 4513 γυμναστῇ
869 4457 903 4514 τῷ
932 4453 989 4494 σατὲ
1001 4464 1043 4508 μοι
1056 4452 1097 4502 τὴν
1111 4442 1282 4510 κοινὴνφωνήν.
