3684 5659
449 601 493 670 58
783 607 817 665 Γ.
846 605 920 666 ΤΟΥ
945 603 1201 666 ΠΑΧΥΜΕΡΟΥΣ

447 737 481 812 ἦν
499 739 581 826 αὐτῷ
605 741 686 804 κατὰ
710 743 777 803 νοῦν
800 733 968 829 κερδαίνειν
994 737 1027 801 ἐκ
1043 737 1149 802 τούτου
1167 738 1208 800 τὰ
1228 735 1371 826 μέγιστα.
1398 716 1470 799 Ᾱλλ’
1493 737 1537 808 εἰς

447 851 529 914 κενὸν
547 849 705 940 ἐπιχειρεῖν
723 843 795 912 οἰδα
811 852 933 930 τοῦτον,
953 845 1008 922 ἕως
1025 838 1059 911 οἰι
1076 848 1158 911 κατά
1173 847 1280 932 νόμους
1297 843 1377 931 ὑμᾶς
1396 846 1449 909 καί
1467 844 1536 918 τοὺς

448 958 554 1049 όρκονς
570 954 621 1033 οθς
640 957 817 1044 ὀμωμόκατε
833 957 988 1045 κρίνοντας
1005 950 1159 1041 βλέποιμι.

496 1072 532 1132 Τί
551 1068 702 1142 τηνάλλως
722 1076 935 1156 συκοφαντεῖς,
955 1069 1007 1131 καί
1030 1062 1145 1130 ένδειαν
1162 1064 1216 1152 μέν
1231 1074 1267 1154 τῃ
1283 1066 1366 1130 πόλει
1383 1064 1537 1155 προθάλλῃ

448 1189 507 1244 τῶν
524 1180 698 1270 ἀναγκαίων
715 1179 768 1241 καί
786 1179 911 1255 σπάνιν;
930 1179 1038 1241 σπάνιν
1056 1172 1089 1240 δὲ
1108 1172 1278 1263 δημοτικῶν
1295 1176 1424 1240 πολιτῶν
1441 1174 1537 1266 ε’ργα-

450 1291 571 1377 ζόμενος
589 1288 623 1354 οὐ
642 1289 813 1379 γινώσκεις.
833 1264 875 1351 Ᾰν
888 1288 949 1379 γάρ
967 1286 1115 1358 ἀκούσητε
1132 1286 1257 1371 τούτου,
1276 1285 1354 1373 κάμὲ
1374 1281 1538 1376 παραδῶτε

448 1410 517 1476 ταῖς
537 1396 656 1483 δίκαις,
682 1402 746 1464 ἔστι
766 1399 819 1462 καί
839 1421 886 1472 τις
908 1397 999 1472 ἀλλος
1016 1397 1123 1490 ἐχθρός
1143 1398 1225 1484 ἀλλῳ
1245 1422 1287 1484 τῳ
1304 1406 1362 1461 τῶν
1380 1392 1537 1483 δημοτῶν,

449 1489 503 1575 καί
522 1510 612 1574 πάλιν
634 1508 725 1582 ἀλλος
745 1505 854 1599 ἑτέρῳ,
877 1507 930 1570 καί
955 1504 1083 1581 έκαστος
1102 1503 1229 1570 ἕκαστον
1251 1505 1447 1597 προθαλεῖται
1470 1505 1539 1570 ὅτου

450 1618 527 1707 τύχῃ
551 1618 752 1710 ἐγκλήματος.
780 1617 838 1679 Καὶ
869 1615 971 1679 λοιπὸν
995 1614 1122 1690 πολλοὺς
1149 1614 1330 1680 ἀποθαλεῖτε
1357 1618 1454 1702 μάτην
1481 1623 1539 1678 τῶν

355 1731 357 1734 ⁴
449 1728 590 1794 πολιτῶν.
609 1730 646 1792 Εἰ
663 1723 693 1791 δ’
711 1725 757 1790 ἐπ’
775 1724 840 1812 ε’μοί
858 1727 897 1788 τά
913 1734 967 1801 τῆς
982 1726 1184 1815 συκοφαντίας
1203 1729 1406 1810 σταθήσεται,
1425 1725 1539 1816 ε’φησυ-

450 1843 542 1928 χάσει
555 1841 607 1903 καί
625 1847 685 1912 πᾶς
701 1861 747 1912 τις
763 1835 854 1910 ἀλλος
868 1837 982 1918 κακός,
996 1838 1047 1900 καί
1067 1831 1153 1901 οὐδὲν
1169 1846 1298 1928 πρᾶγμα
1314 1833 1369 1924 μίη1
1382 1819 1540 1912 πάνταςέν

450 1951 567 2036 ἡσυχίᾳ
584 1949 636 2013 καί
654 1947 769 2038 γαλήνῃ
785 1953 821 2034 τῇ
835 1945 1025 2037 προςηκούσῃ
1039 1948 1189 2036 γίνεσθαι.

499 2056 668 2145 Κεφάλαιον
683 2063 741 2119 τῶν
757 2052 880 2144 λόγων’.

499 2166 539 2229 Σὺ
566 2165 618 2254 μἐν
640 2173 734 2250 ἴσως,
763 2164 816 2230 οὐκ
840 2162 900 2230 οἶδ’
927 2167 1051 2250 ὁπόθεν,
1079 2166 1148 2242 τοὺς
1175 2168 1321 2258 ἐμπόρους
1343 2166 1542 2258 ἀπαγορεύεις

452 2286 594 2370 φανῆναι,
613 2279 665 2342 καί
684 2272 757 2364 μηδ’
776 2276 812 2340 ἀν
827 2282 853 2340 εί
865 2301 893 2340 τι
907 2280 959 2341 καί
978 2274 1108 2368 γένοιτοθ
1125 2273 1198 2342 ἰδεῖν
1217 2281 1297 2365 ἡμᾶς
1311 2280 1453 2367 ἰσχυρίζῃ
1470 2283 1542 2352 ναῦς

452 2389 480 2453 ἐν
493 2387 593 2476 λιμέσι
608 2397 671 2463 τοῖς
683 2386 836 2476 ἡμετέροις
854 2383 1049 2463 ἀλλοδαπός·
1066 2387 1126 2479 ε’γῶ
1141 2385 1175 2452 δέ
1191 2390 1242 2453 καί
1259 2387 1343 2474 μάλα
1358 2388 1472 2463 πολλάς
1487 2390 1540 2452 καί

452 2497 617 2591 φορτηγοὺς
646 2491 871 2584 ἀπεκδέχομαι.
903 2496 968 2561 Οἰικ
999 2499 1045 2561 ἀεί
1075 2490 1165 2588 φόθος
1195 2494 1314 2574 καθέξει
1338 2499 1394 2572 τάς
1424 2497 1542 2561 ἐκείνων

452 2609 575 2697 ψυχάς·
608 2610 810 2678 ἀποθήσονται
837 2607 890 2677 τὴν
919 2602 1046 2672 δειλίαν.
1077 2608 1330 2683 Δυςαπάλλακτον
1356 2608 1390 2671 τὸ
1419 2606 1543 2682 σύνηθες

452 2722 552 2810 ἔργον.
571 2699 756 2781 Ᾰκούσονται
770 2718 810 2779 τά
824 2717 973 2809 ἡμέτερα,
993 2719 1160 2808 γνώσονται
1177 2720 1230 2789 τὴν
1247 2721 1354 2783 σπάνιν
1370 2725 1429 2781 τῶν
1446 2720 1545 2808 ἀνοιγ-

452 2831 563 2893 καίων·
582 2825 766 2918 δραμοῦνται
780 2828 853 2916 πρὸς
865 2822 971 2918 κέρδος
984 2826 1115 2915 έτοιμον.
1130 2829 1195 2894 Οἰικ
1209 2831 1255 2892 ἀεὶ
1271 2829 1385 2915 χειμὼν
1397 2831 1449 2892 καί
1466 2827 1543 2903 ζάλο

452 2940 504 3003 καὶ
524 2932 689 3011 κλύδωνες·
711 2939 763 3026 ἔαρ
783 2940 882 3000 ἔσται.
901 2918 1125 3003 Επιόαλοῦνται
1139 2942 1191 3005 καί
1209 2938 1297 3003 πάλιν
1313 2947 1355 3023 τῷ
1370 2938 1471 3020 πλεῖν,
1491 2940 1542 3002 καί

453 3041 540 3124 αὖθις
553 3047 606 3113 ἀπ’
621 3042 735 3111 ἀλλωνί
749 3046 835 3111 ἀλλοι
850 3048 1033 3133 συνέλθοιεν,
1050 3053 1101 3114 καί
1118 3049 1204 3113 ἄλλοι
1216 3051 1255 3112 τά
1268 3048 1358 3134 ὅμοια
1373 3043 1541 3138 δράσουσι,

453 3161 505 3223 καί
521 3158 589 3232 τοὺς
606 3157 728 3244 λιμένας
744 3159 828 3244 ἡμῶν
843 3158 1035 3250 πληρῶσουσι
1053 3159 1105 3247 μὲν
1122 3168 1211 3242 νεῶν,
1229 3158 1422 3250 πληρῶσουσι
1440 3154 1543 3223 δὲκαὶ

452 3270 600 3332 παντοίων
624 3275 682 3331 τῶν
706 3269 843 3357 ἀγαθῶν.
869 3271 928 3332 Καὶ
953 3269 1059 3354 πάλιν,
1087 3272 1159 3333 θεῶν
1183 3268 1341 3350 θελόντων,
1365 3267 1394 3331 ἐν
1417 3271 1546 3359 ἀφθονία

452 3390 511 3446 τῶν
528 3381 703 3471 ἀναγκαίων
722 3381 740 3449 ἡ
762 3379 847 3455 πόλις
863 3378 1004 3466 ε’σεῖταδ,
1020 3382 1070 3445 καί
1091 3389 1192 3470 χαράς
1210 3380 1225 3443 ὁ
1243 3375 1338 3466 δῆμος
1361 3381 1445 3465 ἡμῶν
1464 3379 1544 3448 πλη-

451 3495 633 3582 ρωθήσεται.
667 3493 726 3554 Καὶ
757 3492 842 3574 τότε,
875 3494 899 3554 εἰ
931 3490 983 3576 μὲν
1010 3489 1187 3575 βούλονται,
1216 3493 1464 3555 κατασπάτωσαν
1493 3491 1546 3560 τὴν

451 3605 568 3667 εἰκόνα·
595 3606 620 3665 εἰ
645 3596 675 3664 δ’
695 3594 762 3684 οὖν,
786 3600 867 3685 ἀλλ’,
894 3601 909 3665 ὃ
934 3598 964 3676 ἐξ
988 3598 1115 3676 έκείνης6
1135 3605 1275 3689 ἔχουσιν,
1301 3601 1404 3692 ’όφελος
1426 3603 1546 3675 πάντως

453 3721 556 3796 μενεῖ,
576 3712 628 3774 καί
647 3711 697 3773 τόν
716 3713 889 3800 ζωγράφον,
909 3711 950 3784 ὡς
968 3711 1065 3793 εἰκός,
1087 3709 1273 3779 έπαινήσετε.

488 3946 495 3970 ¹
510 3946 550 3995 Sic
562 3945 649 3995 codex.
1012 3960 1095 3993 rursus
1107 3945 1193 3995 Noster
1205 3945 1385 3996 acclamatione
1395 3946 1416 3994 V
1427 3959 1545 3999 extrema.

487 4023 621 4074 ’Libanius
652 4022 737 4073 eadem
770 4021 873 4071 formula
898 4031 916 4070 t.
943 4020 985 4081 IV,
1047 4022 1160 4072 ³Eadem
1177 4024 1280 4074 formula
1291 4042 1316 4088 p.
1332 4027 1419 4085 33,ιι.
1435 4028 1460 4075 Ξ).

453 4120 478 4168 p.
493 4105 540 4153 446
556 4123 562 4151 ι
577 4108 708 4172 Κεφάλαιον
725 4111 770 4151 τῶν
791 4103 931 4168 εἰρημένων·
950 4105 986 4149 νῦν
1047 4100 1180 4152 ‘Fortasse
1191 4105 1228 4152 ἐπ’
1241 4105 1325 4153 ἀλλων.

454 4185 542 4249 αἵρεσις
558 4186 620 4234 ἐστίν
635 4183 689 4246 ὑμῖν
708 4183 833 4236 ἀκολασίας
849 4186 888 4228 καὶ
909 4181 985 4238 δόξης.
1048 4179 1105 4229 “De
1119 4183 1241 4246 ἐσεῖταιρ.
1259 4181 1304 4241 40,
1317 4198 1342 4230 n.
1357 4184 1379 4230 l.

454 4260 557 4311 Praeibat
578 4262 698 4311 Isocrates
718 4256 864 4322 Nicocle‚§
886 4258 925 4307 ιθ.
947 4257 988 4306 sic
1049 4257 1194 4308 θΙιιοοιιιίό.
