3684 5659
772 623 837 687 ΚΑΙ
864 624 1083 686 ΦΙΛΑΓΡΙΟΣ.
1398 619 1471 690 317

378 771 458 847 σῶν,
483 760 560 834 ἡνίκ’
584 757 635 826 ἀν’
659 759 733 825 αὐτὸ
757 761 983 851 ἀπειργάσατο,
1010 753 1117 833 αὐτός’
1138 767 1272 847 συνεχῶς
1296 755 1394 844 βθέων
1416 760 1470 825 οὐκ

377 898 562 939 επιστευεεο.

545 1018 551 1038 S

427 1029 504 1110 σλη’.
530 1032 721 1123 Οζόστομος8
739 1035 874 1104 ἀπελθὼν
892 1037 935 1110 εἷς
953 1033 1165 1125 ὀπωροπώλην,
1185 1033 1304 1125 ἠρώτα·
1324 1057 1340 1091 n
1356 1012 1466 1122 λόχοις,

377 1145 477 1240 nepti,
499 1143 642 1235 σχάθας“
656 1168 689 1226 ν;
709 1128 734 1209 (λ
753 1141 786 1209 θὲ
806 1147 1026 1235 ἀποστραφείς·
1047 1168 1061 1197 o
1079 1139 1159 1208 Οόθὲ
1173 1141 1323 1236 φοινίκια“
1336 1149 1398 1233 ἔχω
1413 1171 1441 1205 ν.

376 1398 502 1448 choniatae
524 1396 642 1446 Encnmio
663 1393 696 1443 ls.
718 1393 817 1458 Angeli,
841 1391 857 1457 ς
879 1393 909 1450 8,
938 1392 1062 1450 δυνάστης·
1075 1391 1151 1444 Ἡνίκα
1169 1401 1238 1452 πένης
1255 1395 1281 1444 δὲ
1297 1401 1337 1444 τόν
1356 1395 1470 1452 δυνάστην

376 1476 504 1540 εὐωχήσας
516 1490 561 1539 pro
576 1475 704 1536 εὐτύχησας
715 1473 765 1538 typi
776 1470 909 1530 exhibent5
938 1477 1187 1536 νικήσει,Θαυμαστὸν
1197 1474 1268 1530 ὄντως
1279 1479 1348 1523 τοῦτο
1357 1480 1397 1522 καὶ
1406 1479 1469 1531 θείας

375 1554 421 1604 sed
431 1554 522 1619 optime
535 1551 632 1616 legebat
642 1552 776 1615 interpres,
788 1549 828 1613 qui
839 1549 910 1597 vcrtit
936 1557 1031 1616 μοίρας.
1056 1551 1208 1604 Emendaodi
1226 1552 1361 1616 periculum
1379 1552 1469 1602 iaciant

377 1640 489 1680 «nactus
510 1646 535 1679 es
551 1649 574 1678 ν.
593 1629 635 1679 Est
653 1638 733 1677 autem
753 1628 784 1675 de
798 1627 839 1675 illo
853 1626 909 1674 loco
937 1628 981 1676 riri
1000 1630 1088 1678 critici.
1107 1630 1236 1679 Problema
1257 1631 1292 1679 eis
1314 1630 1468 1694 proponitur.

375 1708 442 1775 qood
460 1723 570 1757 moneam
590 1706 692 1756 utilius:
711 1712 804 1768 μήποτε
822 1705 851 1760 δὴ
869 1709 908 1752 καὶ
937 1705 984 1755 Pro
994 1705 1060 1764 οὓνιις
1073 1708 1274 1772 οοςίιονλιλιηνᾱς
1282 1707 1313 1756 de
1323 1707 1469 1771 corrigendo

374 1793 444 1839 τοῦτο
465 1787 609 1853 ἁνγελοειθὲς
631 1791 693 1835 κατὰ
713 1789 762 1835 θεὸν
781 1782 910 1846 εὒτὺχησας
937 1784 999 1844 ὄνος,
1014 1785 1080 1849 quod
1096 1784 1323 1850 probabilissimum·
1336 1786 1378 1834 Est
1390 1795 1468 1834 lamen

375 1867 414 1918 ὅτι
431 1869 530 1915 κάκεῖνοι
549 1869 615 1933 φύσις
637 1869 678 1928 μέν
700 1866 744 1913 εἰσι
768 1866 846 1926 λσμκὴ
868 1868 908 1910 καὶ
937 1862 1004 1920 οὑνας
1018 1864 1040 1911 io
1059 1864 1106 1913 alin
1124 1865 1266 1914 recensione
1283 1865 1383 1929 politica
1398 1880 1468 1930 quam

374 1950 456 2012 νοεμα,
472 1951 511 1995 καλ
525 1945 623 2013 ῥάθδους
633 1948 699 2009 παρά
710 1961 751 1992 του
764 1948 908 2009 μεταχειρί-
935 1941 980 2005 ipsi
994 1940 1102 2005 ejusdem
1115 1942 1207 1993 codicis
1220 1942 1347 2007 disjectum
1363 1957 1392 1991 ac
1401 1944 1468 1992 lace-

374 2029 455 2088 ζςσθαι
470 2025 591 2086 λέγονται,
602 2025 716 2087 εἰρηνικῆς
729 2026 768 2069 κοιλ
786 2024 908 2090 βασιλικῆς
934 2037 986 2069 rum
1003 2020 1086 2070 lolium
1108 2019 1195 2070 obtulit
1213 2021 1312 2078 ιἼππος
1332 2023 1469 2088 συνδραμὼν

374 2109 499 2166 ἡγεμονίας
518 2104 638 2165 σι’νμθολα,
653 2101 679 2150 οὗ
690 2109 735 2164 μὴν
750 2101 773 2149 δὲ
792 2102 906 2149 ἀλλὰκαὶ
933 2106 973 2148 καλ
992 2106 1086 2156 νικήσας
1107 2108 1147 2150 τὸν
1167 2099 1217 2149 θνον
1237 2105 1311 2158 Δόξαν
1333 2100 1373 2149 οὒκ
1392 2102 1468 2164 ἔσχεν,

373 2184 493 2249 ῥομφαίας
505 2189 544 2229 καὶ
559 2184 660 2236 πελέκεις
671 2179 717 2229 ἔσθ’
729 2179 769 2229 ὅτι
780 2182 907 2242 μιιάλαμ·Ι
933 2179 1045 2241 αἰσχύνην
1069 2179 1095 2228 δὲ
1115 2184 1155 2228 καὶ
1174 2182 1256 2242 μάλα,
1275 2176 1314 2236 Ὦς
1333 2182 1469 2243 ἁμιλληθεὶς

374 2263 461 2317 θάνειν,
471 2265 500 2316 ὡς
508 2264 569 2315 θείας
582 2259 700 2321 δυνάμεως
709 2260 904 2324 ἁρχιοτμάτηγοι.
934 2258 1074 2325 ἁφανωτέμῳ
1084 2265 1147 2323 ζώῳ.
1158 2255 1232 2320 Οὗνας
1242 2259 1267 2307 δὲ
1280 2264 1361 2315 :coiret
1374 2267 1467 2314 νικήσας

373 2337 456 2387 Monet
479 2336 559 2386 editor
577 2335 664 2385 malam
688 2350 742 2384 esse
761 2335 906 2398 scripturam
933 2336 1059 2393 ἐδοξάσθη,
1085 2333 1123 2393 Ὠς
1145 2336 1308 2404 ὑπερισχύοντι
1329 2337 1468 2403 συνδραμὼν

373 2423 440 2485 παρὰ
463 2422 517 2474 τοῦ,
539 2425 565 2464 el
582 2433 624 2465 του
642 2428 696 2463 esse
714 2412 907 2464 encliticuto«a
933 2419 994 2478 ζώῳ*
1007 2410 1075 2465 Οὕτω
1088 2417 1220 2478 θαυμαστὸν
1231 2413 1304 2472 οὐδέν,
1317 2414 1374 2464 ὅταν
1387 2422 1468 2479 νικήσῃ

373 2495 478 2561 quodam
490 2493 584 2545 scilicet
594 2494 714 2558 scriptore
722 2512 729 2550 ;
737 2491 780 2540 sed
792 2491 823 2540 ad
835 2505 907 2555 quem
933 2486 959 2540 ‘0
973 2494 1125 2559 περίθλεπτος
1135 2499 1174 2542 τὸν
1186 2498 1281 2554 πτωχὸν
1291 2498 1331 2539 καὶ
1343 2492 1465 2550 δυνάστης.

373 2574 494 2624 alludatur
511 2573 619 2623 nondum
635 2572 757 2622 iuvenisse
769 2589 790 2620 υ.
809 2569 905 2633 Respici
931 2568 1005 2618 Ὅταν
1014 2569 1039 2617 δὲ
1049 2574 1117 2626 πένης
1126 2576 1165 2619 τὸν
1171 2570 1285 2624 δυνάστην
1295 2577 1467 2638 transfirmo

373 2652 468 2701 videtur
492 2652 620 2716 Dionysius
641 2652 732 2714 Areop.
755 2649 790 2698 Dc
815 2646 905 2697 coelesli
933 2650 1066 2710 θαυμαστὸν
1078 2654 1117 2696 καὶ
1131 2653 1172 2697 τοῦ
1184 2653 1235 2697 θεοῦ
1248 2655 1366 2713 προνοίας.

373 2730 434 2779 hier.
444 2744 466 2779 c.
481 2732 523 2789 to,
533 2747 558 2794 p.
572 2731 599 2778 91
612 2728 668 2789 ,ubi
677 2729 791 2796 ῥάθδους,
803 2727 905 2793 δόρατα,
966 2722 975 2748 ¹
989 2725 1046 2773 Post
1058 2724 1128 2782 αὑτός
1145 2724 1247 2774 inseruit
1266 2726 1290 2774 tt
1304 2740 1327 2774 v.
1348 2723 1385 2787 d.‚
1400 2724 1467 2790 quod
1507 2712 1510 2718 ⁵

372 2813 472 2865 πελέκεις
486 2807 633 2872 Angelorum
645 2807 703 2872 quid
714 2805 851 2870 significent
862 2819 905 2853 ex·
931 2819 980 2852 non
999 2804 1043 2852 luit
1065 2802 1219 2853 servandum.
1245 2804 1303 2864 Quae
1323 2802 1465 2868 conjunctio

372 2887 456 2951 plicat.
931 2883 1011 2946 aptius
1022 2881 1119 2932 dabitur
1130 2882 1239 2933 Himerio
1256 2883 1323 2934 Orat.
1342 2885 1388 2942 21,
1401 2880 1418 2947 ς
1432 2884 1446 2930 6
1458 2901 1464 2931 t

406 2964 527 3014 *Videtur
546 2979 600 3013 esse
617 2965 641 3013 in
661 2962 681 3012 A
702 2970 791 3020 ηνίκαν.
812 2960 903 3026 Scripsi
931 2965 996 3029 pedet
1008 2968 1051 3024 μὲν
1066 2966 1172 3030 θαλάττῃ
1188 2966 1302 3029 πλωτῆμα
1319 2968 1359 3010 καὶ
1374 2968 1465 3030 σκάφη,

372 3045 429 3099 ἡνίκ’
450 3045 487 3093 ἄν.
510 3043 591 3092 Malim
614 3042 709 3092 abesset
726 3043 768 3101 ἄν,
786 3051 904 3107 sequente
930 3044 1039 3109 βουκόλον
1063 3045 1179 3104 λειμώνων
1198 3042 1287 3090 ἰλαόνει
1305 3046 1344 3088 καὶ
1366 3047 1398 3090 τά
1417 3045 1466 3107 θμέ-

371 3123 542 3189 ἀπειργάσατο.
564 3121 612 3169 Sed
631 3121 696 3170 circa
709 3121 821 3185 syntaxim
843 3119 904 3168 scri·
931 3139 1010 3182 ματα.
1024 3119 1108 3168 Codex
1122 3122 1230 3184 βουκόλον
1248 3120 1273 3168 δὲ
1290 3122 1311 3168 λ.
1328 3125 1368 3168 καλ
1385 3123 1423 3188 tp.
1436 3118 1467 3166 Et

370 3210 427 3265 ptor
439 3200 481 3248 ille
494 3215 541 3247 non
554 3209 591 3248 est
602 3214 709 3248 severus.
725 3199 815 3247 Littera
826 3199 905 3262 prima
931 3196 1036 3245 inseram
1047 3197 1125 3246 libens
1136 3199 1158 3246 ἐν
1169 3207 1224 3261 post
1239 3198 1292 3261 μίν.

370 3279 389 3326 si
404 3293 453 3326 non
465 3287 560 3326 careret
576 3276 677 3340 spiritu,
693 3275 724 3324 de
742 3275 848 3324 lectione
866 3277 904 3322 vix
965 3273 975 3300 ³
989 3275 1072 3323 Exstat
1082 3276 1105 3323 in
1120 3291 1167 3324 unc
1181 3277 1212 3324 A.

371 3355 657 3419 dubitarem,praesertim
668 3368 811 3417 comparans
820 3367 903 3401 vocem
965 3349 1054 3418 ‘Keptl
1063 3354 1117 3401 vide
1130 3371 1155 3417 p.
1168 3354 1231 3413 aot,
1244 3369 1269 3402 n.
1286 3355 1325 3402 13.

370 3441 438 3491 ἡνίκα
453 3429 904 3487 nitidius,dnctibustamennondis·
965 3429 1102 3494 ³Opinatur
1131 3446 1155 3480 v.
1181 3430 1206 3479 d.
1231 3429 1386 3479 scribendum
1411 3445 1465 3478 esse

371 3511 503 3568 similibus,
518 3511 632 3574 scriptam
649 3524 663 3559 a
676 3510 727 3558 viro
742 3508 766 3558 d.
781 3507 804 3556 io
823 3506 904 3556 subula
933 3510 1040 3572 ἰσχάδας.
1052 3507 1139 3557 Ferme
1153 3508 1216 3557 volui
1228 3508 1318 3566 edere,
1331 3514 1384 3574 κῡμ,
1395 3510 1465 3570 ἰσχά-

371 3588 546 3650 cboliambica,
561 3588 655 3638 mendis
669 3587 814 3642 deformata,
831 3602 902 3650 quam
931 3589 983 3644 δας.
994 3586 1043 3636 Sed
1056 3588 1194 3651 οεῑσχάθα,
1206 3587 1304 3651 σχάθιον
1318 3584 1383 3649 apud
1396 3584 1465 3633 Cau-

369 3669 427 3719 mihi
448 3669 513 3718 misit
530 3684 553 3716 a.
575 3668 649 3720 tell.
663 3675 783 3730 repertam
802 3681 816 3713 n
832 3679 859 3712 se
877 3663 902 3712 in
930 3665 1004 3730 giem.

370 3746 517 3796 bibliotheca
533 3746 571 3793 siti
584 3761 632 3792 oon
649 3743 734 3809 procul
751 3743 903 3806 Trapezunte
963 3742 1003 3793 “A
1015 3744 1065 3794 viro
1076 3744 1101 3792 d.
1110 3743 1238 3793 dissentire
1249 3743 1321 3791 liceat
1331 3741 1371 3806 qui
1387 3749 1463 3810 pont-

370 3825 518 3874 mooasterii.
531 3825 599 3873 lllam
613 3823 661 3871 buc
670 3837 792 3886 apponam
803 3820 903 3870 lectori·
929 3843 970 3871 κια
989 3823 1024 3871 nit
1044 3838 1098 3872 esse
1117 3822 1235 3885 crepitum
1258 3821 1360 3870 ventris.
1378 3820 1404 3869 st
1423 3820 1464 3869 hic

370 3901 414 3951 bus
442 3912 467 3950 ct
491 3902 536 3966 ipsi
559 3909 626 3965 Μκνᾷ
651 3902 702 3949 viro
727 3914 782 3948 cum
805 3899 901 3948 erudito
929 3897 1463 3962 essetvocabnlisensus‚dixissctp0n1arius

370 3991 419 4030 tum
433 3979 526 4028 liberali
542 3977 691 4042 gratificandi
711 3994 783 4027 causa
802 3997 808 4026 :
822 3978 902 4035 Ἵππος
928 3989 1084 4027 mercatorse
1097 3977 1204 4040 crepitus
1215 3975 1320 4036 babere,
1335 3984 1360 4023 et
1372 3973 1462 4023 dictum

370 4060 469 4108 ὃισιυλῶν
487 4059 529 4121 ἅμ’
547 4059 590 4124 ὄνῳ
609 4064 648 4107 καὶ
669 4066 761 4114 νικήσας
781 4057 828 4106 Οὐκ
847 4058 902 4121 ἔσχε
926 4054 1280 4120 jocosiusrecenbrnmvisset.
1291 4054 1368 4114 Quum
1380 4054 1463 4102 memi-

370 4140 567 4202 ὂόξαν,αἰσχὺνην
577 4139 602 4186 δέ
614 4157 640 4201 γε
649 4140 735 4193 πλείω,
748 4132 786 4192 Ὧς
797 4139 902 4199 ἁμιλλη-
929 4137 1006 4186 nerim
1021 4151 1075 4184 essc
1092 4143 1225 4204 φοινικίζειν
1245 4132 1344 4181 t'et‘bunt
1359 4142 1462 4195 praetex·

370 4221 415 4272 θεὶς
436 4221 576 4284 ἀσανωτέμῳ
597 4223 657 4282 geio.
679 4213 753 4272 Οὗνας
775 4216 799 4264 δὲ
819 4221 901 4265 τοῦτον
929 4224 1004 4264 tatum
1019 4214 1125 4262 insensu
1137 4211 1250 4271 lellaodi,
1263 4209 1321 4258 binc
1334 4209 1460 4259 dicterium

369 4297 474 4361 παριλὼν
499 4296 648 4357 ἐθαυμάσθη,
676 4290 714 4350 Ὠς
737 4293 901 4361 inspexisset
929 4293 1070 4355 intelligant.
1086 4297 1143 4348 Τοὺς
1154 4297 1320 4359 persistentem
1334 4288 1461 4338 verisimile

369 4375 505 4438 συιδραμὼν
524 4381 586 4438 ζώῳ.
608 4371 676 4423 Οὕτω
701 4393 726 4422 τι
746 4375 816 4435 θαῦμ’
835 4373 899 4422 οὐδὲν
928 4372 1024 4420 esteris
1040 4369 1163 4419 ulceribus
1176 4369 1294 4418 obnoxios
1309 4368 1392 4426 luisse,
1407 4383 1460 4431 quse

369 4454 436 4519 αἴπερ
450 4458 536 4508 νικήσει
548 4448 668 4519 ’Υπόρθιός
686 4471 721 4509 τις
740 4458 780 4502 τόν
794 4453 874 4509 πένητ’
887 4453 901 4506 θ
929 4457 1031 4518 potuisset
1042 4459 1126 4499 vocata
1137 4448 1234 4501 luerint.
1245 4446 1363 4500 Morosittr
1377 4447 1459 4506 borne,
