3684 5659
761 627 825 689 KAl
851 628 1071 692 ΦΙΛΑΓΡΙΟΣ.
1389 614 1460 683 293

829 788 1005 867 ΣιΔοΝιον.

420 955 497 1055 ρκιέ.
518 961 678 1040 >lule-'uuae²
695 968 827 1056 ἔπαρχος
844 964 890 1030 ἐπ’
909 967 1065 1052 ὀχήματος
1082 959 1204 1028 ὥδευεν.
1225 940 1339 1030 Επειδὴ
1357 961 1463 1028 ἀτονή-

370 1099 469 1140 σασαι
484 1076 515 1140 αἱ
534 1077 650 1163 ἡμίονοι
668 1074 722 1139 οὐκ
739 1071 885 1145 ἠδύναντο
904 1071 1057 1158 βαδίζειν,
1078 1073 1224 1138 ἀπέλυσεν
1238 1070 1334 1145 αὐτάς
1351 1070 1365 1132 ὁ
1382 1071 1463 1139 ἡνίο-

370 1210 445 1273 χος,
464 1185 515 1249 ἰ’να
529 1185 635 1277 μικρὸν
647 1182 848 1268 βοσκηθεῖσαι
864 1183 1090 1250 άναλάθωνται.
1109 1185 1253 1247 Λυθεῖσαι
1273 1173 1322 1246 οὖν
1339 1183 1460 1270 ἔφυγον.

371 1297 430 1358 Καὶ
449 1295 464 1359 ὁ
480 1281 613 1388 ἔπαρχος
630 1297 703 1388 πρὸς
719 1297 769 1360 τὸν
791 1298 912 1384 ἡνίοχον
933 1298 1005 1386 ἔφη·
1028 1318 1043 1351 n
1057 1274 1156 1384 ὁρᾷς,
1176 1295 1339 1383 κάθαρμα,
1365 1290 1409 1354 ὅτι
1430 1291 1462 1354 αἱ

372 1402 425 1490 μὲν
437 1407 553 1492 ἡμίονοι
564 1406 720 1497 τρέχουσι,
734 1402 803 1471 τόδε
816 1411 920 1495 ὄχημα
934 1402 1059 1496 δραμεῖν
1072 1406 1113 1492 μὴ
1126 1400 1287 1491 δυνάμενον
1299 1402 1420 1466 ἵσταται
1429 1428 1460 1464 ν.

420 1561 497 1660 μεθ’.
523 1566 683 1647 Σιδώνιος3
704 1574 802 1664 ῥήτωρ
827 1572 904 1657 μετά
929 1564 1001 1634 δύο*
1022 1568 1145 1658 ἑταίρων
1167 1563 1331 1657 διελέγετο.
1351 1569 1410 1629 Τοῦ
1430 1560 1463 1628 δὲ

337 1712 340 1721 ·
371 1678 435 1755 ἑνὸς
453 1680 590 1772 λέγοντος
613 1681 657 1747 ὅτι
676 1681 730 1747 οὐκ
749 1677 784 1751 ἦν
803 1677 922 1745 δίκαιον
938 1679 1077 1772 πρόθατα
1097 1681 1265 1770 σφάζεσθαι
1283 1673 1387 1741 διὰτὸ
1406 1675 1464 1762 φέ-
1539 1759 1549 1774 .

371 1814 433 1881 ρειν
449 1792 530 1883 γάλα
547 1794 599 1857 καὶ
619 1796 709 1884 ἔριον,
729 1794 781 1857 καὶ
801 1797 853 1856 τοῦ
872 1791 965 1856 άλλου
982 1792 1114 1866 εἰπόντος
1132 1790 1175 1854 ὅτι
1193 1785 1269 1875 μηδὲ
1288 1785 1360 1873 βοῦν
1377 1790 1465 1852 άναι-

371 1905 490 1991 ρεῖσθαι
513 1903 596 1993 μάλα
619 1904 815 1995 παρέχουσαν
836 1905 888 1968 καὶ
914 1899 1131 1996 άροτριὼσανθ,
1157 1902 1172 1966 ὁ
1193 1903 1289 1992 ῥήτωρ
1314 1904 1367 1989 ἔφη
1387 1893 1463 1985 μηδὲ

359 2022 475 2102 ·χοῖρον
497 2011 573 2079 εἶναι
596 2010 715 2079 δίκαιον
738 2017 907 2105 σφάζεσθαι
915 2061 926 2097 ,
951 2009 1032 2104 ἧπαρ
1053 2007 1269 2104 παρέχουσαν6
1294 2012 1346 2074 καὶ
1370 2001 1462 2098 οὖθαρ

371 2124 424 2187 καὶ
441 2126 557 2215 nappin.

421 2264 476 2365 pl'.
504 2272 663 2353 Σιδώνιος7
687 2278 830 2369 σοφιστὴς
855 2278 936 2342 κατά
958 2277 1076 2367 πρώτην
1097 2271 1209 2349 άνοιξιν
1229 2278 1281 2336 τοῦ
1299 2268 1462 2352 βαλανείου

372 2385 548 2475 λουόμενος,
574 2391 626 2453 καὶ
650 2384 765 2476 μηδένα
785 2391 893 2452 ἔσωθεν
911 2385 1015 2478 εὑρών,
1034 2386 1113 2476 λέγει
1130 2386 1204 2476 πρὸς
1220 2381 1288 2458 τοὺς
1306 2378 1360 2446 δύο
1378 2380 1461 2446 οἰκέ-

372 2516 447 2573 τας·
468 2501 608 2575 «Καθὼς
626 2495 747 2584 βλέπω,
767 2498 801 2563 οὐ
819 2498 897 2563 λούει
914 2525 943 2562 ν.

408 2723 508 2775 ’(ὶοδδ.
528 2726 643 2784 Σιδόνιοι,
653 2736 682 2776 et
693 2726 729 2776 sit:
746 2726 818 2777 infra.
834 2727 906 2779 Malui
933 2748 1019 2794 μνωνι,
1036 2731 1160 2789 Μέμνονα.
1174 2720 1273 2772 Plurimi
1285 2730 1365 2770 lamen
1377 2729 1463 2786 pueta-

372 2807 569 2872 μεθαλονραφεῖν,
581 2806 689 2869 quamvis
703 2807 783 2870 potuit
794 2804 846 2870 ipse
860 2825 908 2857 au·
934 2823 987 2857 rum
1009 2805 1056 2854 loci
1074 2803 1172 2868 syllabae
1190 2800 1347 2867 quantitatem
1367 2798 1465 2848 brevem

374 2891 427 2928 otor
442 2881 510 2931 brevi
523 2882 604 2933 littera
616 2883 660 2933 uti.
672 2892 838 2954 Μικρογραρίᾳ
854 2896 907 2935 utar
935 2883 1103 2935 ostendebant.
1122 2881 1171 2930 Sed
1189 2879 1313 2928 nominato
1328 2879 1374 2929 huo
1390 2876 1466 2927 Calli·

375 2973 465 3009 uomen
486 2968 638 3013 Eunutxot
656 2972 758 3028 tangens
776 2965 800 3012 in
817 2965 909 3013 inscri-
934 2963 1002 3014 strati
1035 2961 1117 3010 Statua
1148 2958 1229 3008 utilius
1256 2956 1315 3022 quid
1350 2966 1467 3005 annotare

374 3039 459 3102 ptioue
471 3055 542 3104 quam
555 3042 655 3104 protulit
672 3044 816 3094 betronnius
831 3043 907 3109 AEgy-
935 3041 1117 3105 lineamentis)
1133 3039 1157 3087 δὲ
1174 3048 1206 3104 τῷ
1220 3043 1337 3100 Μέμνονος
1353 3039 1410 3102 λίθῳ
1427 3041 1467 3082 καὶ

375 3116 513 3180 pilanum.
527 3119 564 3176 ll,
579 3136 605 3184 p.
629 3122 812 3186 163.Ριοροιιο
829 3123 907 3171 corti·
935 3123 1017 3178 ἡδονὴν
1037 3119 1171 3185 παρέδωκεν
1189 3122 1204 3173 ἡ
1222 3119 1299 3185 plicis.
1321 3120 1362 3163 καὶ
1380 3119 1467 3180 πέτραν

374 3195 481 3260 gendum
493 3204 673 3260 ΕΤΕΟΝΙΚΟΥ,
687 3201 753 3265 quod
766 3216 854 3250 nomen
872 3212 909 3249 est
936 3203 1042 3261 ἀνέμιξεν
1055 3199 1163 3262 άλγεινῷ,
1175 3202 1215 3245 καὶ
1228 3201 1299 3258 μόνην
1311 3198 1398 3248 ταυτην
1414 3194 1471 3241 ἐπι-

375 3275 536 3324 notissimum.
558 3276 654 3325 Littetae
669 3284 729 3326 ΤΕΩ
753 3292 782 3327 ao
799 3288 908 3337 coelem,
936 3282 1042 3340 στάμεθα
1063 3285 1104 3332 τὴν
1122 3281 1205 3338 τέχνην
1226 3282 1332 3338 νοήματα
1350 3276 1406 3338 λίθῳ
1427 3277 1467 3319 καὶ

375 3351 460 3402 lractae
474 3363 498 3402 et
511 3353 580 3402 edaci
599 3364 713 3418 tempore·
730 3370 850 3415 corrosae,
862 3355 909 3404 du·
937 3347 1468 3423 poterimusne.Objiciuntrbetoriviridd..

376 3441 429 3480 otus
439 3433 591 3496 reliquerunt
601 3443 685 3482 tenues
694 3447 723 3481 ac
733 3431 834 3491 dubios,
843 3431 909 3481 unde
928 3447 983 3481 -uee
991 3432 1044 3480 sine
1052 3429 1180 3480 verborum
1190 3431 1330 3493 asperitate,
1342 3426 1469 3478 sententiis

377 3508 525 3559 divinatione
538 3510 599 3560 alius
617 3511 688 3560 aliam
706 3511 768 3560 eruit
781 3509 908 3575 syllabam.
937 3527 1006 3559 usum
1027 3509 1100 3557 fuisse
1118 3506 1296 3572 pugnantibus,
1317 3507 1358 3570 qui
1378 3515 1470 3554 naturae

376 3585 448 3648 Quod
467 3587 572 3652 conjicio
590 3605 639 3638 non
656 3598 723 3638 caret
739 3586 910 3654 probabilitate
938 3589 1081 3638 miraculum
1100 3586 1202 3643 tribuat,
1221 3584 1287 3650 quod
1308 3585 1389 3633 statim
1411 3582 1470 3632 artis

378 3666 491 3730 quadam.
939 3682 999 3730 opus
1013 3681 1067 3714 esse
1078 3666 1152 3715 dieat.
1164 3663 1213 3714 Sed
1226 3663 1285 3713 mihi
1300 3662 1384 3712 rhetor
1396 3661 1471 3712 fuisse

411 3741 516 3794 'Exstat
526 3746 549 3794 in
562 3761 611 3796 uno
622 3747 652 3795 Α.
665 3747 735 3796 Conl.
746 3744 762 3811 §
773 3745 804 3813 ρ’.
938 3745 1086 3809 ingeniosior
1097 3743 1201 3800 videtur,
1213 3759 1260 3792 non
1270 3741 1398 3792 absurdus.
1408 3741 1470 3790 Pro·

414 3821 424 3847 ³
435 3822 521 3873 Exstat
534 3824 558 3872 in
570 3840 618 3873 uno
631 3826 659 3872 n.
673 3824 744 3875 Conl.
757 3821 827 3891 §past
938 3840 1027 3874 nomen
1044 3828 1131 3880 ταύτην
1142 3823 1202 3888 quid
1218 3823 1355 3886 siguificare
1369 3818 1471 3870 voluerit

412 3899 524 3962 Ἀ,ο“ύω,
534 3905 570 3952 sie
579 3901 611 3968 ὃς
619 3905 668 3968 μθ,
676 3902 720 3968 pp'.
729 3904 813 3968 Aptius
821 3901 910 3967 passim
939 3890 1037 3952 omuino
1056 3902 1145 3967 aperit.
1164 3903 1210 3950 Ars
1222 3905 1266 3950 illu
1280 3904 1352 3948 unica
1366 3909 1403 3947 est
1419 3913 1469 3946 om·-

378 3980 456 4030 lorma
468 3983 509 4032 dio
527 3983 610 4031 utitur.
625 3982 697 4031 l'ales
711 3983 839 4032 varietates
852 3996 910 4044 pro·
939 3981 996 4030 nino
1011 3983 1061 4044 ipsa
1076 3993 1175 4030 nutura.

379 4060 502 4111 nunciabit)
514 4061 610 4126 peperit
623 4071 648 4110 et
662 4061 788 4110 oscitantia
799 4058 911 4109 scriben-
972 4058 1030 4118 Ἀ,
1044 4066 1180 4128 παρέχοντα
1194 4065 1234 4106 καὶ
1244 4061 1401 4125 ἀροτριῶντα.
1415 4053 1473 4102 Cur·

378 4137 418 4189 tis.
432 4138 507 4188 lucidi
518 4139 580 4188 lorte
592 4155 646 4189 oum
661 4141 767 4188 maxime
776 4139 801 4188 in
813 4138 912 4187 θεείου·
939 4140 991 4187 rexi
1003 4154 1034 4185 ex
1045 4135 1116 4204 §pfl

379 4226 416 4266 tes
424 4217 542 4267 lectiones
551 4217 695 4268 Callistratei
703 4216 910 4274 Memnonis,olim
973 4215 1025 4264 “Et
1039 4217 1079 4267 hic
1092 4222 1240 4283 παρέχουσαν
1254 4214 1340 4278 scripsi
1354 4229 1398 4276 pro
1413 4231 1472 4279 παρ·

379 4311 393 4345 a
414 4311 453 4345 nte
473 4307 627 4362 excerptase
644 4296 700 4346 cod.
724 4299 795 4345 1038.
817 4295 843 4342 ln
865 4295 911 4344 lle-
939 4301 1024 4358 έχοντα
1040 4295 1141 4344 codicis.
1162 4294 1255 4343 llormae
1273 4292 1470 4342 mascnlinaeno-

380 4375 468 4424 etendo
479 4375 577 4425 nomine
588 4382 686 4438 Μέμνων
698 4375 811 4425 librarius
821 4375 909 4438 passim
940 4375 1029 4424 minum
1040 4381 1094 4443 βοῦς
1106 4384 1185 4444 χοῖρος
1193 4388 1301 4424 errorem
1314 4380 1470 4437 pepererunt.

380 4454 537 4518 penultimam
556 4455 696 4520 produxit,·
707 4460 844 4519 Μέμνονος,
862 4460 909 4504 ut-
975 4453 1079 4503 'Exstat
1090 4454 1114 4503 in
1128 4470 1176 4503 uno
1191 4455 1220 4502 Α.
1238 4452 1308 4502 Conl.
1323 4451 1391 4516 §si-f.
