<?xml version="1.0" encoding="UTF-8"?>
<!DOCTYPE html PUBLIC "-//W3C//DTD XHTML 1.0 Transitional//EN"
    "http://www.w3.org/TR/xhtml1/DTD/xhtml1-transitional.dtd">
<html xmlns="http://www.w3.org/1999/xhtml" xml:lang="en" lang="en">
 <head>
  <title>
</title>
<meta http-equiv="Content-Type" content="text/html;charset=utf-8" />
  <meta name='ocr-system' content='tesseract 3.04.00' />
  <meta name='ocr-capabilities' content='ocr_page ocr_carea ocr_par ocr_line ocrx_word'/>
</head>
<body>
  <div class='ocr_page' id='page_1' title='image "./gpachymerisdecl00hiergoog_0357.png"; bbox 0 0 3684 5659; ppageno 0'>
   <div class='ocr_carea' id='block_1_1' title="bbox 421 843 1283 968">
    <p class='ocr_par' dir='ltr' id='par_1_1' title="bbox 421 843 1283 968">
     <span class='ocr_line' id='line_1_1' title="bbox 421 843 1283 968; baseline -0.001 -2"><span class='ocrx_word' id='word_1_1' title='bbox 421 887 776 966; x_wconf 71' lang='grc' dir='ltr'><strong>οοιννιινιιιννιιιι</strong></span> <span class='ocrx_word' id='word_1_2' title='bbox 808 889 971 967; x_wconf 73' lang='grc' dir='ltr'><strong>ιιοοοε</strong></span> <span class='ocrx_word' id='word_1_3' title='bbox 1000 843 1283 968; x_wconf 64' lang='grc' dir='ltr'><strong>νοίυιιινια</strong></span> 
     </span>
    </p>
   </div>
   <div class='ocr_carea' id='block_1_2' title="bbox 312 1151 1408 3506">
    <p class='ocr_par' dir='ltr' id='par_1_2' title="bbox 312 1151 1408 3506">
     <span class='ocr_line' id='line_1_2' title="bbox 313 1151 858 1201; baseline 0 -1"><span class='ocrx_word' id='word_1_4' title='bbox 313 1151 462 1200; x_wconf 70' lang='grc' dir='ltr'><strong>ΜΕᾸΕΤΑΙ</strong></span> <span class='ocrx_word' id='word_1_5' title='bbox 485 1153 513 1198; x_wconf 89' lang='grc' dir='ltr'><strong>Γ.</strong></span> <span class='ocrx_word' id='word_1_6' title='bbox 539 1153 605 1200; x_wconf 89' lang='grc' dir='ltr'><strong>ΤΟΥ</strong></span> <span class='ocrx_word' id='word_1_7' title='bbox 627 1152 858 1201; x_wconf 81' lang='grc' dir='ltr'><strong>[ΙΑΧΥΜΕΡΟΥΣ.</strong></span> 
     </span>
     <span class='ocr_line' id='line_1_3' title="bbox 312 1237 1397 1317; baseline 0.003 -24"><span class='ocrx_word' id='word_1_8' title='bbox 312 1237 351 1294; x_wconf 80' lang='grc' dir='ltr'><strong>Α’.</strong></span> <span class='ocrx_word' id='word_1_9' title='bbox 377 1239 512 1317; x_wconf 77' lang='grc' dir='ltr'><strong>Περικλῆς1</strong></span> <span class='ocrx_word' id='word_1_10' title='bbox 525 1246 640 1317; x_wconf 87' lang='grc' dir='ltr'><strong>κρίνεται</strong></span> <span class='ocrx_word' id='word_1_11' title='bbox 652 1239 803 1317; x_wconf 88' lang='grc' dir='ltr'><strong>τυραννίδος</strong></span> <span class='ocrx_word' id='word_1_12' title='bbox 816 1243 967 1305; x_wconf 83' lang='grc' dir='ltr'><strong>ἐπιθέσεως.</strong></span> <span class='ocrx_word' id='word_1_13' title='bbox 982 1287 987 1294; x_wconf 95' lang='grc'><em>.</em></span> <span class='ocrx_word' id='word_1_14' title='bbox 1002 1285 1008 1298; x_wconf 91' lang='grc'>.</span> <span class='ocrx_word' id='word_1_15' title='bbox 1023 1286 1048 1297; x_wconf 92' lang='grc'><strong>..</strong></span> <span class='ocrx_word' id='word_1_16' title='bbox 1064 1285 1235 1298; x_wconf 86' lang='grc'><strong>.........</strong></span> <span class='ocrx_word' id='word_1_17' title='bbox 1263 1245 1316 1298; x_wconf 87' lang='grc' dir='ltr'><strong>σελ.</strong></span> <span class='ocrx_word' id='word_1_18' title='bbox 1387 1247 1397 1298; x_wconf 88' lang='grc' dir='ltr'>Ι</span> 
     </span>
     <span class='ocr_line' id='line_1_4' title="bbox 313 1330 1403 1414; baseline 0.005 -26"><span class='ocrx_word' id='word_1_19' title='bbox 313 1330 349 1389; x_wconf 83' lang='lat' dir='ltr'><strong>B&#39;.</strong></span> <span class='ocrx_word' id='word_1_20' title='bbox 373 1334 511 1409; x_wconf 75' lang='grc' dir='ltr'><strong>Φιλόσοφος</strong></span> <span class='ocrx_word' id='word_1_21' title='bbox 522 1340 552 1388; x_wconf 85' lang='grc' dir='ltr'><strong>τὸ</strong></span> <span class='ocrx_word' id='word_1_22' title='bbox 568 1345 620 1389; x_wconf 87' lang='grc' dir='ltr'><strong>τῶν</strong></span> <span class='ocrx_word' id='word_1_23' title='bbox 634 1342 843 1412; x_wconf 78' lang='grc' dir='ltr'><strong>τυραννοκτόνων</strong></span> <span class='ocrx_word' id='word_1_24' title='bbox 853 1342 931 1414; x_wconf 80' lang='grc' dir='ltr'><strong>γέρας</strong></span> <span class='ocrx_word' id='word_1_25' title='bbox 948 1340 1028 1393; x_wconf 86' lang='grc' dir='ltr'><strong>αἰτεῖ.</strong></span> <span class='ocrx_word' id='word_1_26' title='bbox 1060 1381 1314 1395; x_wconf 86' lang='grc'><strong>.............</strong></span> <span class='ocrx_word' id='word_1_27' title='bbox 1363 1339 1403 1395; x_wconf 73' lang='lat'><strong>20</strong></span> 
     </span>
     <span class='ocr_line' id='line_1_5' title="bbox 312 1425 1398 1510; baseline 0.006 -27"><span class='ocrx_word' id='word_1_28' title='bbox 312 1425 351 1484; x_wconf 83' lang='lat' dir='ltr'><strong>P&#39;.</strong></span> <span class='ocrx_word' id='word_1_29' title='bbox 375 1434 513 1507; x_wconf 81' lang='grc' dir='ltr'><strong>Ζωγράρος</strong></span> <span class='ocrx_word' id='word_1_30' title='bbox 525 1434 640 1504; x_wconf 90' lang='grc' dir='ltr'><strong>ναυάγια</strong></span> <span class='ocrx_word' id='word_1_31' title='bbox 653 1429 758 1507; x_wconf 76' lang='grc' dir='ltr'><strong>γράψας</strong></span> <span class='ocrx_word' id='word_1_32' title='bbox 769 1438 886 1508; x_wconf 83' lang='grc' dir='ltr'><strong>κρίνεται</strong></span> <span class='ocrx_word' id='word_1_33' title='bbox 899 1430 1032 1508; x_wconf 82' lang='grc' dir='ltr'><strong>δημοσίων</strong></span> <span class='ocrx_word' id='word_1_34' title='bbox 1046 1432 1217 1510; x_wconf 77' lang='grc' dir='ltr'><strong>ἀδικημάτων</strong></span> <span class='ocrx_word' id='word_1_35' title='bbox 1226 1477 1313 1489; x_wconf 89' lang='grc'><strong>.....</strong></span> <span class='ocrx_word' id='word_1_36' title='bbox 1364 1431 1398 1509; x_wconf 76' lang='grc' dir='ltr'><strong>’ίί</strong></span> 
     </span>
     <span class='ocr_line' id='line_1_6' title="bbox 312 1519 1322 1604; baseline 0.007 -27"><span class='ocrx_word' id='word_1_37' title='bbox 312 1519 351 1577; x_wconf 83' lang='grc' dir='ltr'><strong>Δ’.</strong></span> <span class='ocrx_word' id='word_1_38' title='bbox 377 1530 542 1601; x_wconf 88' lang='grc' dir='ltr'><strong>Στρατηγός,</strong></span> <span class='ocrx_word' id='word_1_39' title='bbox 556 1525 725 1601; x_wconf 76' lang='grc' dir='ltr'>πυρπολήσας</span> <span class='ocrx_word' id='word_1_40' title='bbox 737 1529 784 1588; x_wconf 88' lang='grc' dir='ltr'><strong>τάς</strong></span> <span class='ocrx_word' id='word_1_41' title='bbox 801 1533 876 1594; x_wconf 82' lang='grc' dir='ltr'><strong>ναῦς,</strong></span> <span class='ocrx_word' id='word_1_42' title='bbox 899 1535 1015 1604; x_wconf 80' lang='grc' dir='ltr'><strong>κρίνεται</strong></span> <span class='ocrx_word' id='word_1_43' title='bbox 1034 1526 1165 1603; x_wconf 79' lang='grc' dir='ltr'><strong>δημοσίων</strong></span> <span class='ocrx_word' id='word_1_44' title='bbox 1187 1527 1322 1603; x_wconf 88' lang='grc' dir='ltr'><strong>ἀδικημά-</strong></span> 
     </span>
     <span class='ocr_line' id='line_1_7' title="bbox 354 1622 1404 1678; baseline 0.007 -7"><span class='ocrx_word' id='word_1_45' title='bbox 354 1639 407 1672; x_wconf 91' lang='grc' dir='ltr'><strong>των</strong></span> <span class='ocrx_word' id='word_1_46' title='bbox 409 1660 1316 1678; x_wconf 82' lang='grc'><strong>............................................</strong></span> <span class='ocrx_word' id='word_1_47' title='bbox 1365 1622 1404 1678; x_wconf 79' lang='grc'><strong>59</strong></span> 
     </span>
     <span class='ocr_line' id='line_1_8' title="bbox 313 1670 1322 1792; baseline 0.005 -25"><span class='ocrx_word' id='word_1_48' title='bbox 313 1709 352 1767; x_wconf 83' lang='grc' dir='ltr'><strong>Ε’.</strong></span> <span class='ocrx_word' id='word_1_49' title='bbox 378 1715 558 1787; x_wconf 80' lang='grc' dir='ltr'><strong>Δημοσθένης,</strong></span> <span class='ocrx_word' id='word_1_50' title='bbox 573 1701 701 1768; x_wconf 82' lang='grc' dir='ltr'><strong>Ελάτειοιν</strong></span> <span class='ocrx_word' id='word_1_51' title='bbox 715 1721 903 1789; x_wconf 87' lang='grc' dir='ltr'><strong>κατασχόντος</strong></span> <span class='ocrx_word' id='word_1_52' title='bbox 912 1717 1039 1773; x_wconf 83' lang='grc' dir='ltr'><strong>Φιλίππου</strong></span> <span class='ocrx_word' id='word_1_53' title='bbox 1048 1670 1233 1792; x_wconf 78' lang='grc' dir='ltr'><strong>,συμόουλευει</strong></span> <span class='ocrx_word' id='word_1_54' title='bbox 1245 1719 1322 1778; x_wconf 79' lang='grc' dir='ltr'><strong>αὒθη·</strong></span> 
     </span>
     <span class='ocr_line' id='line_1_9' title="bbox 354 1811 1405 1905; baseline 0.005 -44"><span class='ocrx_word' id='word_1_55' title='bbox 354 1828 431 1905; x_wconf 86' lang='grc' dir='ltr'><strong>μερον</strong></span> <span class='ocrx_word' id='word_1_56' title='bbox 442 1811 581 1882; x_wconf 80' lang='grc' dir='ltr'><strong>μάχεσθαι</strong></span> <span class='ocrx_word' id='word_1_57' title='bbox 589 1850 1316 1867; x_wconf 75' lang='grc'><strong>..................................</strong></span> <span class='ocrx_word' id='word_1_58' title='bbox 1366 1811 1405 1871; x_wconf 75' lang='lat'><strong>82</strong></span> 
     </span>
     <span class='ocr_line' id='line_1_10' title="bbox 313 1890 1405 1984; baseline 0.001 -26"><span class='ocrx_word' id='word_1_59' title='bbox 313 1898 357 1958; x_wconf 58' lang='grc' dir='ltr'><strong>ς’.</strong></span> <span class='ocrx_word' id='word_1_60' title='bbox 381 1890 545 1979; x_wconf 70' lang='grc' dir='ltr'><strong>ἀριστεύσας</strong></span> <span class='ocrx_word' id='word_1_61' title='bbox 558 1923 598 1966; x_wconf 88' lang='grc' dir='ltr'><strong>τις</strong></span> <span class='ocrx_word' id='word_1_62' title='bbox 607 1909 702 1978; x_wconf 78' lang='grc' dir='ltr'><strong>ᾔτησεν</strong></span> <span class='ocrx_word' id='word_1_63' title='bbox 715 1905 750 1968; x_wconf 84' lang='grc' dir='ltr'><strong>εἰς</strong></span> <span class='ocrx_word' id='word_1_64' title='bbox 760 1910 790 1958; x_wconf 88' lang='grc' dir='ltr'><strong>τό</strong></span> <span class='ocrx_word' id='word_1_65' title='bbox 798 1909 875 1982; x_wconf 81' lang='grc' dir='ltr'><strong>γέρας</strong></span> <span class='ocrx_word' id='word_1_66' title='bbox 886 1905 994 1960; x_wconf 77' lang='grc' dir='ltr'><strong>πολίτου</strong></span> <span class='ocrx_word' id='word_1_67' title='bbox 1006 1911 1092 1979; x_wconf 73' lang='grc' dir='ltr'><strong>μόνον·</strong></span> <span class='ocrx_word' id='word_1_68' title='bbox 1104 1912 1219 1984; x_wconf 80' lang='grc' dir='ltr'><strong>κρίνεται</strong></span> <span class='ocrx_word' id='word_1_69' title='bbox 1231 1914 1318 1981; x_wconf 74' lang='grc' dir='ltr'><strong>φόνου.</strong></span> <span class='ocrx_word' id='word_1_70' title='bbox 1365 1904 1405 1962; x_wconf 85' lang='grc'><strong>90</strong></span> 
     </span>
     <span class='ocr_line' id='line_1_11' title="bbox 312 1997 1322 2076; baseline 0.003 -23"><span class='ocrx_word' id='word_1_71' title='bbox 312 1997 350 2053; x_wconf 83' lang='grc' dir='ltr'><strong>Ζ’.</strong></span> <span class='ocrx_word' id='word_1_72' title='bbox 376 1999 528 2076; x_wconf 85' lang='grc' dir='ltr'><strong>Πολιορκίοις</strong></span> <span class='ocrx_word' id='word_1_73' title='bbox 548 2002 642 2065; x_wconf 79' lang='grc' dir='ltr'><strong>οὔσης,</strong></span> <span class='ocrx_word' id='word_1_74' title='bbox 663 2000 729 2063; x_wconf 81' lang='grc' dir='ltr'><strong>ξένος</strong></span> <span class='ocrx_word' id='word_1_75' title='bbox 748 2021 804 2067; x_wconf 88' lang='grc' dir='ltr'><strong>τις,</strong></span> <span class='ocrx_word' id='word_1_76' title='bbox 821 2006 898 2075; x_wconf 89' lang='grc' dir='ltr'><strong>νόμον</strong></span> <span class='ocrx_word' id='word_1_77' title='bbox 921 2008 957 2076; x_wconf 83' lang='grc' dir='ltr'><strong>μὴ</strong></span> <span class='ocrx_word' id='word_1_78' title='bbox 977 2002 1083 2070; x_wconf 83' lang='grc' dir='ltr'><strong>ἐῶντος,</strong></span> <span class='ocrx_word' id='word_1_79' title='bbox 1103 2002 1209 2062; x_wconf 77' lang='grc' dir='ltr'><strong>ἀνῆλθεν</strong></span> <span class='ocrx_word' id='word_1_80' title='bbox 1231 2003 1273 2057; x_wconf 85' lang='grc' dir='ltr'><strong>ἐπί</strong></span> <span class='ocrx_word' id='word_1_81' title='bbox 1292 2009 1322 2056; x_wconf 91' lang='grc' dir='ltr'><strong>τὸ</strong></span> 
     </span>
     <span class='ocr_line' id='line_1_12' title="bbox 355 2095 1405 2172; baseline 0.005 -25"><span class='ocrx_word' id='word_1_82' title='bbox 355 2102 446 2168; x_wconf 87' lang='grc' dir='ltr'><strong>τεῖχος</strong></span> <span class='ocrx_word' id='word_1_83' title='bbox 457 2099 503 2147; x_wconf 87' lang='grc' dir='ltr'><strong>καὶ</strong></span> <span class='ocrx_word' id='word_1_84' title='bbox 518 2095 670 2172; x_wconf 81' lang='grc' dir='ltr'><strong>ἠρίστευσε·</strong></span> <span class='ocrx_word' id='word_1_85' title='bbox 683 2097 815 2170; x_wconf 85' lang='grc' dir='ltr'><strong>ὑπάγεται</strong></span> <span class='ocrx_word' id='word_1_86' title='bbox 829 2105 866 2167; x_wconf 87' lang='grc' dir='ltr'><strong>τῷ</strong></span> <span class='ocrx_word' id='word_1_87' title='bbox 881 2102 951 2170; x_wconf 88' lang='grc' dir='ltr'><strong>νόμῳ</strong></span> <span class='ocrx_word' id='word_1_88' title='bbox 959 2138 1193 2152; x_wconf 86' lang='grc'><strong>...........</strong></span> <span class='ocrx_word' id='word_1_89' title='bbox 1210 2143 1213 2148; x_wconf 95' lang='grc'><em>.</em></span> <span class='ocrx_word' id='word_1_90' title='bbox 1227 2137 1315 2152; x_wconf 91' lang='grc'><strong>.....</strong></span> <span class='ocrx_word' id='word_1_91' title='bbox 1348 2097 1405 2152; x_wconf 74' lang='lat'><strong>112</strong></span> 
     </span>
     <span class='ocr_line' id='line_1_13' title="bbox 313 2175 1406 2269; baseline 0.002 -26"><span class='ocrx_word' id='word_1_92' title='bbox 313 2186 358 2243; x_wconf 51' lang='lat' dir='ltr'><strong>H&#39;¹¹</strong></span> <span class='ocrx_word' id='word_1_93' title='bbox 379 2175 565 2266; x_wconf 80' lang='grc' dir='ltr'><strong>Ᾱποκήρυκτον</strong></span> <span class='ocrx_word' id='word_1_94' title='bbox 578 2194 635 2252; x_wconf 88' lang='grc' dir='ltr'><strong>νηὸς</strong></span> <span class='ocrx_word' id='word_1_95' title='bbox 648 2197 773 2267; x_wconf 86' lang='grc' dir='ltr'><strong>πατρῴας</strong></span> <span class='ocrx_word' id='word_1_96' title='bbox 790 2191 945 2267; x_wconf 87' lang='grc' dir='ltr'><strong>κληρονόμον</strong></span> <span class='ocrx_word' id='word_1_97' title='bbox 960 2191 1026 2247; x_wconf 82' lang='grc' dir='ltr'><strong>εἶναι</strong></span> <span class='ocrx_word' id='word_1_98' title='bbox 1044 2196 1057 2246; x_wconf 84' lang='grc' dir='ltr'><strong>ὁ</strong></span> <span class='ocrx_word' id='word_1_99' title='bbox 1071 2199 1146 2267; x_wconf 89' lang='grc' dir='ltr'><strong>νόμος</strong></span> <span class='ocrx_word' id='word_1_100' title='bbox 1162 2202 1319 2269; x_wconf 74' lang='grc' dir='ltr'><strong>συγχωρεῖ..</strong></span> <span class='ocrx_word' id='word_1_101' title='bbox 1349 2187 1406 2246; x_wconf 83' lang='grc'><strong>134</strong></span> 
     </span>
     <span class='ocr_line' id='line_1_14' title="bbox 313 2273 1323 2362; baseline 0.002 -24"><span class='ocrx_word' id='word_1_102' title='bbox 313 2279 354 2338; x_wconf 80' lang='grc' dir='ltr'><strong>Θ’.</strong></span> <span class='ocrx_word' id='word_1_103' title='bbox 379 2273 401 2338; x_wconf 80' lang='grc' dir='ltr'>ὁ</span> <span class='ocrx_word' id='word_1_104' title='bbox 416 2285 444 2338; x_wconf 83' lang='grc' dir='ltr'><strong>ἐκ</strong></span> <span class='ocrx_word' id='word_1_105' title='bbox 459 2290 552 2361; x_wconf 87' lang='grc' dir='ltr'><strong>πόρνης</strong></span> <span class='ocrx_word' id='word_1_106' title='bbox 565 2292 676 2359; x_wconf 87' lang='grc' dir='ltr'><strong>γεγονὼς</strong></span> <span class='ocrx_word' id='word_1_107' title='bbox 687 2292 722 2358; x_wconf 76' lang='grc' dir='ltr'><strong>μὴ</strong></span> <span class='ocrx_word' id='word_1_108' title='bbox 734 2285 830 2359; x_wconf 79' lang='grc' dir='ltr'><strong>λεγέτω</strong></span> <span class='ocrx_word' id='word_1_109' title='bbox 842 2287 884 2341; x_wconf 85' lang='grc' dir='ltr'><strong>ἐπί</strong></span> <span class='ocrx_word' id='word_1_110' title='bbox 895 2294 941 2339; x_wconf 81' lang='grc' dir='ltr'><strong>τοῦ</strong></span> <span class='ocrx_word' id='word_1_111' title='bbox 952 2287 1081 2361; x_wconf 75' lang='grc' dir='ltr'><strong>βήματος·</strong></span> <span class='ocrx_word' id='word_1_112' title='bbox 1094 2287 1149 2340; x_wconf 87' lang='grc' dir='ltr'><strong>ἀλλ’</strong></span> <span class='ocrx_word' id='word_1_113' title='bbox 1163 2288 1214 2340; x_wconf 86' lang='grc' dir='ltr'><strong>όέκ</strong></span> <span class='ocrx_word' id='word_1_114' title='bbox 1228 2293 1323 2362; x_wconf 91' lang='grc' dir='ltr'><strong>πόρνου</strong></span> 
     </span>
     <span class='ocr_line' id='line_1_15' title="bbox 354 2378 1406 2454; baseline 0.002 -21"><span class='ocrx_word' id='word_1_115' title='bbox 354 2386 389 2454; x_wconf 79' lang='grc' dir='ltr'><strong>μὴ</strong></span> <span class='ocrx_word' id='word_1_116' title='bbox 403 2379 526 2442; x_wconf 85' lang='grc' dir='ltr'><strong>κωλυτέος</strong></span> <span class='ocrx_word' id='word_1_117' title='bbox 529 2419 1316 2436; x_wconf 84' lang='grc'><strong>.....................................</strong></span> <span class='ocrx_word' id='word_1_118' title='bbox 1348 2378 1406 2438; x_wconf 81' lang='grc'><strong>159</strong></span> 
     </span>
     <span class='ocr_line' id='line_1_16' title="bbox 313 2473 1406 2553; baseline 0.001 -22"><span class='ocrx_word' id='word_1_119' title='bbox 313 2474 342 2531; x_wconf 87' lang='lat'><strong>1&#39;.</strong></span> <span class='ocrx_word' id='word_1_120' title='bbox 365 2481 468 2553; x_wconf 84' lang='grc' dir='ltr'><strong>Εταίρα</strong></span> <span class='ocrx_word' id='word_1_121' title='bbox 476 2516 486 2542; x_wconf 90' lang='grc'><strong>,</strong></span> <span class='ocrx_word' id='word_1_122' title='bbox 497 2481 600 2552; x_wconf 86' lang='grc' dir='ltr'><strong>χρυσία</strong></span> <span class='ocrx_word' id='word_1_123' title='bbox 615 2477 637 2529; x_wconf 82' lang='grc' dir='ltr'><strong>εἰ</strong></span> <span class='ocrx_word' id='word_1_124' title='bbox 648 2483 753 2552; x_wconf 70' lang='grc' dir='ltr'><strong>φοροίη,</strong></span> <span class='ocrx_word' id='word_1_125' title='bbox 772 2473 911 2551; x_wconf 78' lang='grc' dir='ltr'><strong>δημοσία”</strong></span> <span class='ocrx_word' id='word_1_126' title='bbox 898 2497 985 2544; x_wconf 87' lang='grc' dir='ltr'><strong>εστω,</strong></span> <span class='ocrx_word' id='word_1_127' title='bbox 1002 2499 1017 2537; x_wconf 88' lang='grc' dir='ltr'><strong>η</strong></span> <span class='ocrx_word' id='word_1_128' title='bbox 1003 2475 1145 2551; x_wconf 91' lang='grc' dir='ltr'><strong>δημόσια</strong></span> <span class='ocrx_word' id='word_1_129' title='bbox 1149 2515 1316 2531; x_wconf 90' lang='grc'><strong>.........</strong></span> <span class='ocrx_word' id='word_1_130' title='bbox 1348 2474 1406 2532; x_wconf 89' lang='grc'><strong>186</strong></span> 
     </span>
     <span class='ocr_line' id='line_1_17' title="bbox 313 2556 1405 2648; baseline 0.001 -23"><span class='ocrx_word' id='word_1_131' title='bbox 313 2569 364 2626; x_wconf 85' lang='grc' dir='ltr'>1Α’.</span> <span class='ocrx_word' id='word_1_132' title='bbox 389 2556 532 2648; x_wconf 69' lang='grc' dir='ltr'><strong>ἀριστεὺς,</strong></span> <span class='ocrx_word' id='word_1_133' title='bbox 549 2577 708 2648; x_wconf 84' lang='grc' dir='ltr'><strong>πορνεύοντα</strong></span> <span class='ocrx_word' id='word_1_134' title='bbox 724 2577 768 2626; x_wconf 89' lang='grc' dir='ltr'><strong>τόν</strong></span> <span class='ocrx_word' id='word_1_135' title='bbox 782 2575 837 2627; x_wconf 86' lang='grc' dir='ltr'><strong>υἱὸν</strong></span> <span class='ocrx_word' id='word_1_136' title='bbox 850 2571 1010 2628; x_wconf 87' lang='grc' dir='ltr'><strong>ἀποκτείνει</strong></span> <span class='ocrx_word' id='word_1_137' title='bbox 1028 2579 1104 2646; x_wconf 81' lang='grc' dir='ltr'><strong>ρόνου</strong></span> <span class='ocrx_word' id='word_1_138' title='bbox 1120 2576 1255 2646; x_wconf 70' lang='grc' dir='ltr'><strong>φεύγει...</strong></span> <span class='ocrx_word' id='word_1_139' title='bbox 1292 2571 1405 2627; x_wconf 69' lang='lat'><strong>..207</strong></span> 
     </span>
     <span class='ocr_line' id='line_1_18' title="bbox 313 2662 1325 2744; baseline 0.002 -25"><span class='ocrx_word' id='word_1_140' title='bbox 313 2662 362 2720; x_wconf 84' lang='lat' dir='ltr'>IB&#39;.</span> <span class='ocrx_word' id='word_1_141' title='bbox 387 2672 551 2744; x_wconf 83' lang='grc' dir='ltr'><strong>Τριακοοίων</strong></span> <span class='ocrx_word' id='word_1_142' title='bbox 564 2676 747 2744; x_wconf 86' lang='grc' dir='ltr'><strong>στρατιωτῶν,</strong></span> <span class='ocrx_word' id='word_1_143' title='bbox 762 2670 799 2730; x_wconf 87' lang='grc' dir='ltr'><strong>οἷς</strong></span> <span class='ocrx_word' id='word_1_144' title='bbox 811 2672 912 2744; x_wconf 80' lang='grc' dir='ltr'><strong>νύκτωρ</strong></span> <span class='ocrx_word' id='word_1_145' title='bbox 926 2670 977 2723; x_wconf 83' lang='grc' dir='ltr'><strong>ὑπὸ</strong></span> <span class='ocrx_word' id='word_1_146' title='bbox 989 2678 1040 2721; x_wconf 80' lang='grc' dir='ltr'><strong>τῶν</strong></span> <span class='ocrx_word' id='word_1_147' title='bbox 1053 2669 1181 2741; x_wconf 89' lang='grc' dir='ltr'><strong>πολεμίων</strong></span> <span class='ocrx_word' id='word_1_148' title='bbox 1194 2665 1325 2721; x_wconf 88' lang='grc' dir='ltr'><strong>καταδιω</strong></span> 
     </span>
     <span class='ocr_line' id='line_1_19' title="bbox 354 2762 1325 2840; baseline -0.001 -25"><span class='ocrx_word' id='word_1_149' title='bbox 354 2764 492 2837; x_wconf 84' lang='grc' dir='ltr'><strong>κομένοιςὸ</strong></span> <span class='ocrx_word' id='word_1_150' title='bbox 508 2767 657 2840; x_wconf 87' lang='grc' dir='ltr'><strong>στρατηγὸς</strong></span> <span class='ocrx_word' id='word_1_151' title='bbox 668 2765 716 2825; x_wconf 88' lang='grc' dir='ltr'><strong>τὰς</strong></span> <span class='ocrx_word' id='word_1_152' title='bbox 727 2763 809 2825; x_wconf 79' lang='grc' dir='ltr'><strong>πύλας</strong></span> <span class='ocrx_word' id='word_1_153' title='bbox 821 2763 867 2816; x_wconf 80' lang='grc' dir='ltr'><strong>οὐκ</strong></span> <span class='ocrx_word' id='word_1_154' title='bbox 882 2763 991 2830; x_wconf 74' lang='grc' dir='ltr'><strong>ἤνοιξεν,</strong></span> <span class='ocrx_word' id='word_1_155' title='bbox 1004 2762 1237 2837; x_wconf 81' lang='grc' dir='ltr'><strong>νόμουκωλύοντος</strong></span> <span class='ocrx_word' id='word_1_156' title='bbox 1244 2803 1253 2829; x_wconf 89' lang='grc'><strong>,</strong></span> <span class='ocrx_word' id='word_1_157' title='bbox 1271 2781 1325 2814; x_wconf 89' lang='grc' dir='ltr'><strong>κα-</strong></span> 
     </span>
     <span class='ocr_line' id='line_1_20' title="bbox 354 2854 1406 2935; baseline 0 -23"><span class='ocrx_word' id='word_1_158' title='bbox 354 2862 569 2933; x_wconf 83' lang='grc' dir='ltr'><strong>τακτεινομίνων,</strong></span> <span class='ocrx_word' id='word_1_159' title='bbox 586 2858 665 2921; x_wconf 72' lang='grc' dir='ltr'><strong>αὑτός</strong></span> <span class='ocrx_word' id='word_1_160' title='bbox 674 2864 791 2935; x_wconf 90' lang='grc' dir='ltr'><strong>κρίνεται</strong></span> <span class='ocrx_word' id='word_1_161' title='bbox 807 2854 939 2933; x_wconf 87' lang='grc' dir='ltr'><strong>δημοσίων</strong></span> <span class='ocrx_word' id='word_1_162' title='bbox 951 2856 1123 2933; x_wconf 87' lang='grc' dir='ltr'><strong>ἀδικημάτων</strong></span> <span class='ocrx_word' id='word_1_163' title='bbox 1126 2898 1317 2913; x_wconf 86' lang='grc'><strong>..........</strong></span> <span class='ocrx_word' id='word_1_164' title='bbox 1346 2856 1406 2912; x_wconf 69' lang='lat'><strong>229</strong></span> 
     </span>
     <span class='ocr_line' id='line_1_21' title="bbox 313 2951 1393 3031; baseline -0.001 -24"><span class='ocrx_word' id='word_1_165' title='bbox 313 2951 400 3008; x_wconf 65' lang='lat' dir='ltr'><strong>lm</strong></span> <span class='ocrx_word' id='word_1_166' title='bbox 384 2959 531 3031; x_wconf 87' lang='grc' dir='ltr'><strong>τρατηγός</strong></span> <span class='ocrx_word' id='word_1_167' title='bbox 541 2953 616 3017; x_wconf 78' lang='grc' dir='ltr'><strong>ἁλούς</strong></span> <span class='ocrx_word' id='word_1_168' title='bbox 627 2994 634 3021; x_wconf 92' lang='grc'><strong>,</strong></span> <span class='ocrx_word' id='word_1_169' title='bbox 649 2959 694 3008; x_wconf 90' lang='grc' dir='ltr'><strong>καί</strong></span> <span class='ocrx_word' id='word_1_170' title='bbox 705 2953 877 3015; x_wconf 84' lang='grc' dir='ltr'><strong>άπηνόστατα</strong></span> <span class='ocrx_word' id='word_1_171' title='bbox 890 2953 1110 3029; x_wconf 82' lang='grc' dir='ltr'><strong>βασανιζόμενος,</strong></span> <span class='ocrx_word' id='word_1_172' title='bbox 1126 2955 1162 3007; x_wconf 87' lang='grc' dir='ltr'><strong>τὰ</strong></span> <span class='ocrx_word' id='word_1_173' title='bbox 1173 2963 1218 3016; x_wconf 80' lang='grc' dir='ltr'><strong>τῆς</strong></span> <span class='ocrx_word' id='word_1_174' title='bbox 1229 2953 1325 3016; x_wconf 86' lang='grc' dir='ltr'><strong>πόλεως</strong></span> <span class='ocrx_word' id='word_1_175' title='bbox 1388 3014 1393 3022; x_wconf 91' lang='lat'><em>.</em></span> 
     </span>
     <span class='ocr_line' id='line_1_22' title="bbox 354 3048 1323 3159; baseline -0.001 -56"><span class='ocrx_word' id='word_1_176' title='bbox 354 3048 492 3127; x_wconf 78' lang='grc' dir='ltr'><strong>ἀπόρρητα</strong></span> <span class='ocrx_word' id='word_1_177' title='bbox 512 3049 621 3113; x_wconf 81' lang='grc' dir='ltr'><strong>ἐξεῖπεν</strong></span> <span class='ocrx_word' id='word_1_178' title='bbox 646 3051 721 3105; x_wconf 85' lang='grc' dir='ltr'><strong>Μετὰ</strong></span> <span class='ocrx_word' id='word_1_179' title='bbox 741 3058 788 3112; x_wconf 78' lang='grc' dir='ltr'><strong>τὴν</strong></span> <span class='ocrx_word' id='word_1_180' title='bbox 810 3050 1001 3126; x_wconf 85' lang='grc' dir='ltr'><strong>αἰχμαλωσίαν</strong></span> <span class='ocrx_word' id='word_1_181' title='bbox 1023 3050 1181 3159; x_wconf 82' lang='grc' dir='ltr'><strong>ἐπανελθών,</strong></span> <span class='ocrx_word' id='word_1_182' title='bbox 1207 3055 1323 3125; x_wconf 85' lang='grc' dir='ltr'><strong>κρίνεται</strong></span> 
     </span>
     <span class='ocr_line' id='line_1_23' title="bbox 355 3138 1407 3220; baseline 0.002 -22"><span class='ocrx_word' id='word_1_183' title='bbox 355 3142 486 3218; x_wconf 87' lang='grc' dir='ltr'><strong>δημοσίων</strong></span> <span class='ocrx_word' id='word_1_184' title='bbox 498 3142 669 3220; x_wconf 83' lang='grc' dir='ltr'><strong>ἀδικημάτων</strong></span> <span class='ocrx_word' id='word_1_185' title='bbox 674 3185 1317 3202; x_wconf 86' lang='grc'><strong>................................</strong></span> <span class='ocrx_word' id='word_1_186' title='bbox 1347 3138 1407 3201; x_wconf 70' lang='lat'><strong>249</strong></span> 
     </span>
     <span class='ocr_line' id='line_1_24' title="bbox 313 3236 1404 3316; baseline 0.001 -23"><span class='ocrx_word' id='word_1_187' title='bbox 313 3240 411 3298; x_wconf 82' lang='grc' dir='ltr'><strong>Φιλῆ’</strong></span> <span class='ocrx_word' id='word_1_188' title='bbox 389 3259 424 3302; x_wconf 88' lang='grc' dir='ltr'><strong>εις</strong></span> <span class='ocrx_word' id='word_1_189' title='bbox 435 3245 480 3293; x_wconf 89' lang='grc' dir='ltr'><strong>τὸν</strong></span> <span class='ocrx_word' id='word_1_190' title='bbox 495 3242 665 3316; x_wconf 82' lang='grc' dir='ltr'><strong>Παχυμόρη’</strong></span> <span class='ocrx_word' id='word_1_191' title='bbox 656 3245 791 3314; x_wconf 79' lang='grc' dir='ltr'><strong>επιτάγιος</strong></span> <span class='ocrx_word' id='word_1_192' title='bbox 795 3281 904 3296; x_wconf 89' lang='grc'><em>......</em></span> <span class='ocrx_word' id='word_1_193' title='bbox 919 3286 921 3291; x_wconf 31' lang='lat'><strong>⁴</strong></span> <span class='ocrx_word' id='word_1_194' title='bbox 939 3282 1316 3296; x_wconf 55' lang='grc'><strong>..................</strong></span> <span class='ocrx_word' id='word_1_195' title='bbox 1345 3236 1404 3294; x_wconf 71' lang='grc'><strong>253</strong></span> 
     </span>
     <span class='ocr_line' id='line_1_25' title="bbox 314 3332 1408 3391; baseline 0 -3"><span class='ocrx_word' id='word_1_196' title='bbox 314 3340 518 3389; x_wconf 79' lang='grc' dir='ltr'>ΙΕΡΟΚΛΕΟΥΣ</span> <span class='ocrx_word' id='word_1_197' title='bbox 539 3341 595 3389; x_wconf 80' lang='grc' dir='ltr'><strong>ΚΑΙ</strong></span> <span class='ocrx_word' id='word_1_198' title='bbox 615 3340 788 3390; x_wconf 79' lang='grc' dir='ltr'>ΦῙΛΑΓΡΙΟΥ</span> <span class='ocrx_word' id='word_1_199' title='bbox 807 3342 994 3391; x_wconf 80' lang='grc' dir='ltr'>ΦΙΛΟΓΕΛΩΣ</span> <span class='ocrx_word' id='word_1_200' title='bbox 1026 3378 1031 3389; x_wconf 92' lang='grc'>.</span> <span class='ocrx_word' id='word_1_201' title='bbox 1067 3377 1237 3390; x_wconf 86' lang='grc'><strong>.........</strong></span> <span class='ocrx_word' id='word_1_202' title='bbox 1255 3384 1257 3388; x_wconf 80' lang='grc'><strong>,</strong></span> <span class='ocrx_word' id='word_1_203' title='bbox 1273 3378 1279 3390; x_wconf 93' lang='grc'><strong>.</strong></span> <span class='ocrx_word' id='word_1_204' title='bbox 1295 3376 1321 3388; x_wconf 88' lang='grc'><strong>..</strong></span> <span class='ocrx_word' id='word_1_205' title='bbox 1347 3332 1408 3389; x_wconf 64' lang='lat'><strong>263</strong></span> 
     </span>
     <span class='ocr_line' id='line_1_26' title="bbox 316 3425 1407 3506; baseline 0 -23"><span class='ocrx_word' id='word_1_206' title='bbox 316 3425 457 3484; x_wconf 84' lang='lat' dir='ltr'>Addenda</span> <span class='ocrx_word' id='word_1_207' title='bbox 471 3439 498 3483; x_wconf 81' lang='lat' dir='ltr'><strong>et</strong></span> <span class='ocrx_word' id='word_1_208' title='bbox 514 3425 684 3506; x_wconf 80' lang='lat' dir='ltr'>corrigenda</span> <span class='ocrx_word' id='word_1_209' title='bbox 695 3466 1318 3485; x_wconf 70' lang='grc'><strong>...............................</strong></span> <span class='ocrx_word' id='word_1_210' title='bbox 1346 3427 1407 3489; x_wconf 71' lang='lat'><strong>325</strong></span> 
     </span>
    </p>
   </div>
   <div class='ocr_carea' id='block_1_3' title="bbox 315 3648 1406 3778">
    <p class='ocr_par' dir='ltr' id='par_1_3' title="bbox 315 3648 1406 3778">
     <span class='ocr_line' id='line_1_27' title="bbox 349 3648 1406 3714; baseline -0.001 -16"><span class='ocrx_word' id='word_1_211' title='bbox 349 3650 356 3675; x_wconf 84' lang='lat'>¹</span> <span class='ocrx_word' id='word_1_212' title='bbox 368 3650 438 3699; x_wconf 83' lang='lat' dir='ltr'><strong>Nolui</strong></span> <span class='ocrx_word' id='word_1_213' title='bbox 448 3649 557 3714; x_wconf 77' lang='lat' dir='ltr'><strong>longiora</strong></span> <span class='ocrx_word' id='word_1_214' title='bbox 569 3659 709 3714; x_wconf 76' lang='lat' dir='ltr'><strong>argumenta</strong></span> <span class='ocrx_word' id='word_1_215' title='bbox 722 3666 751 3699; x_wconf 84' lang='lat' dir='ltr'><strong>ex</strong></span> <span class='ocrx_word' id='word_1_216' title='bbox 762 3649 846 3700; x_wconf 83' lang='lat' dir='ltr'>codice</span> <span class='ocrx_word' id='word_1_217' title='bbox 858 3659 979 3714; x_wconf 80' lang='lat' dir='ltr'>repetere.</span> <span class='ocrx_word' id='word_1_218' title='bbox 991 3650 1047 3713; x_wconf 80' lang='lat' dir='ltr'><strong>lpse</strong></span> <span class='ocrx_word' id='word_1_219' title='bbox 1063 3648 1200 3712; x_wconf 83' lang='lat' dir='ltr'>compendii</span> <span class='ocrx_word' id='word_1_220' title='bbox 1214 3663 1286 3697; x_wconf 73' lang='lat' dir='ltr'>causa</span> <span class='ocrx_word' id='word_1_221' title='bbox 1297 3648 1406 3698; x_wconf 79' lang='lat' dir='ltr'>breviora</span> 
     </span>
     <span class='ocr_line' id='line_1_28' title="bbox 315 3728 482 3778; baseline 0.006 -3"><span class='ocrx_word' id='word_1_222' title='bbox 315 3730 362 3778; x_wconf 73' lang='lat' dir='ltr'>alia</span> <span class='ocrx_word' id='word_1_223' title='bbox 377 3728 482 3778; x_wconf 84' lang='lat' dir='ltr'><strong>confeci.</strong></span> 
     </span>
    </p>
   </div>
   <div class='ocr_carea' id='block_1_4' title="bbox 0 0 1854 5659">
    <p class='ocr_par' dir='ltr' id='par_1_4' title="bbox 0 0 1854 5659">
     <span class='ocr_line' id='line_1_29' title="bbox 0 0 1854 5659; baseline 0 0"><span class='ocrx_word' id='word_1_224' title='bbox 0 0 1854 5659; x_wconf 95' lang='lat' dir='ltr'><strong> </strong></span> 
     </span>
    </p>
   </div>
  </div>
 </body>
</html>
