3684 5659
430 611 500 683 130
764 616 798 677 Γ.
826 617 900 679 ΤΟΥ
927 615 1179 679 ΠᾹΧΥΜΕΡΟΥΣ

427 750 506 840 κάμὲ
528 747 647 847 διδόναι
666 747 756 828 δίκας
775 745 815 817 ὧν
833 759 936 828 κακῶς
954 748 1088 843 ἔπραξα·
1112 749 1173 816 ἔστ’
1195 751 1234 816 διν
1255 745 1290 815 δὲ
1308 749 1451 843 περιέπρς
1468 752 1523 824 τὴν

425 865 508 935 νίκην
526 864 577 928 καί
594 864 647 935 τὴν
666 862 738 951 ε’μην
759 864 915 956 ἀριστείαν
929 864 989 954 η’γῇ
1008 862 1104 933 καλὴν
1118 863 1171 927 καί
1190 863 1350 953 σωτήριον,
1367 861 1424 929 ούκ
1441 867 1523 953 ἔχεις

426 971 494 1038 κατ’
508 973 581 1061 ἐμοῦ
595 973 683 1065 λόγον
697 974 737 1049 ὡς
755 981 860 1049 κακῶς
873 969 1058 1064 πράξαντος.

475 1064 585 1150 [λθελον
599 1080 633 1148 δὲ
646 1093 787 1176 παρεῖναι
798 1085 850 1148 καί
865 1082 936 1160 τοὺς
946 1082 1110 1171 νομοθέτας
1122 1081 1251 1168 αὐτούς,
1262 1086 1314 1149 καὶ
1329 1082 1518 1177 ἐρωτᾶσθαι,

425 1199 477 1261 καί
488 1194 583 1286 λέγειν
594 1197 636 1270 εἰς
647 1196 676 1259 τί
686 1191 846 1279 βλέποντες
854 1193 1006 1287 ἔγραψαν.
1019 1195 1055 1256 Εἰ
1067 1190 1119 1280 μὲν
1128 1193 1353 1270 εἰςκαταθολήν
1362 1196 1416 1259 καί
1428 1194 1524 1283 λύμην

424 1313 478 1382 τῆς
494 1305 620 1390 πόλεως,
639 1306 691 1370 καί
708 1301 790 1369 τοῦτ’
809 1300 845 1376 ἦν
859 1303 964 1380 αὐτοῖς
977 1304 992 1369 ὁ
1007 1305 1118 1379 σκοπὸς
1138 1303 1180 1369 ἑνί
1191 1328 1248 1370 τινι
1259 1306 1359 1396 τρόπῳ
1370 1305 1424 1376 τὴν
1437 1306 1524 1373 πόλιν

424 1417 583 1501 ἁλῶναι,ἢ
594 1425 636 1505 τῷ
643 1417 685 1505 μη
694 1415 895 1491 τοὺςπολίτας
904 1415 1032 1505 ἰσχύειν,
1044 1415 1113 1502 ἦτῷ
1125 1416 1167 1503 μη
1177 1413 1354 1493 τοὺςξένους
1363 1418 1521 1509 ἀφίεσθαι,

424 1527 457 1593 τὸ
475 1526 528 1615 μέν
545 1526 575 1593 ἓν
592 1524 652 1599 ἤδη
665 1526 784 1619 γέγονε,
803 1528 855 1591 καί
874 1525 1002 1618 ἐμφανὲς
1016 1522 1052 1598 ἦν
1071 1526 1112 1601 ὡς
1128 1525 1182 1591 ούκ
1198 1533 1306 1616 ίσχνον
1320 1528 1348 1592 οἱ
1366 1525 1520 1623 ὑμέτεροι,

424 1640 482 1704 κάν
492 1641 544 1704 καὶ
558 1641 702 1731 γενναίως
712 1633 895 1726 ἐμάχοντο1·
916 1636 976 1728 ἐγὼ
989 1633 1036 1722 δέ,
1052 1641 1091 1722 εί,
1107 1638 1149 1725 μὴ
1161 1637 1331 1729 ἀφιέμενος,
1348 1637 1525 1733 ἐπεχείρουν

425 1752 477 1815 καὶ
496 1751 530 1815 τὸ
547 1750 643 1815 κακὸν
664 1748 807 1831 ἐκώλυον,
827 1742 940 1835 δίδωμι
958 1750 1010 1812 καί
1028 1749 1084 1825 τὰς
1101 1745 1209 1833 δίκας,
1229 1748 1285 1814 ούκ
1302 1748 1479 1842 άντιλέγω’.

469 1860 554 1931 -Πλην
572 1868 706 1953 φανερῶς
722 1858 800 1951 λέγω
822 1859 862 1934 ὡς
879 1860 1038 1946 ἠπάτημαι
1055 1861 1186 1935 πάντως.
1207 1861 1266 1924 Καὶ
1287 1860 1415 1937 πολίτας
1439 1861 1523 1927 ἐκεί-

426 1995 494 2046 νους
507 1973 560 2036 καί
576 1970 686 2064 σοφούς
700 1972 752 2035 καί
772 1971 875 2045 εύνους
893 1968 1074 2061 ἡγούμενος,
1094 1975 1178 2058 ᾤμην
1191 1971 1243 2035 καὶ
1259 1970 1299 2046 ὡς
1310 1971 1440 2048 πολίτας
1452 1967 1526 2039 δια·

426 2083 565 2166 κεῖσθαι,
581 2083 633 2147 καί
653 2082 694 2157 ὡς
707 2078 816 2169 σοφούς
831 2082 1013 2168 νομοθετεῖν,
1027 2082 1079 2146 καί
1095 2081 1135 2158 ὡς
1152 2083 1253 2157 εύνονς
1266 2081 1299 2146 τὸ
1319 2082 1472 2175 συμφέρον
1485 2093 1524 2175 τῇ

425 2192 509 2258 πόλει
532 2197 643 2269 ζητεῖν.
663 2196 756 2257 Τοῦτο
777 2187 813 2262 ἦν
838 2190 948 2283 πρέπον
973 2193 1130 2284 ἡγεῖσθαι·
1149 2189 1229 2258 τοῦτ’
1252 2192 1375 2259 ἔθλεπον
1402 2193 1450 2260 ε”πί
1470 2204 1525 2272 τῆς

426 2304 509 2394 ἐμῆς,
521 2301 667 2398 πατρίδος
684 2304 736 2370 καὶ
754 2303 880 2380 πόλεως·
905 2301 986 2368 τοῦτ’
1010 2301 1137 2391 ἐνόμισα
1154 2300 1230 2370 εἶναι
1249 2304 1302 2369 καὶ
1322 2302 1369 2369 ἐπὶ
1392 2303 1522 2384 ταύτης.

425 2417 518 2503 Πλην,
539 2418 683 2511 ἁμαρτών
700 2425 751 2492 τῆς
767 2417 889 2507 γνώμης
908 2415 1040 2500 ἐκείνων,
1060 2419 1085 2481 εί
1102 2417 1144 2504 μὴ
1163 2416 1305 2508 συγγνοίη
1323 2440 1389 2502 τις,
1408 2414 1464 2483 ούκ
1485 2419 1524 2485 ἂν

427 2532 490 2619 ἔχω
506 2529 558 2602 τίιν
575 2524 746 2600 καταδίκην
762 2525 955 2620 ὑπεκφυγεῖν.

474 2644 512 2706 Εἰ
537 2636 571 2706 δέ
597 2638 759 2727 τοῦτομὲν
784 2634 952 2704 ού-ούδὲ
974 2640 1035 2730 γάρ
1061 2635 1202 2717 ἄξιοντὸ
1227 2638 1409 2737 βλάσφημον
1432 2648 1524 2711 τοῦτο

425 2748 495 2815 κατ’
515 2749 632 2815 ἐκείνων
652 2758 710 2815 τῶν
733 2758 832 2842 σοφῶν
857 2748 1093 2816 ἐννοεῖν-ἀλλ’
1109 2751 1214 2823 ἤθελον
1233 2753 1341 2821 ε’κεῖνοι
1357 2754 1392 2821 ἐκ
1409 2757 1524 2835 παντὸς

424 2860 478 2931 τὴν
495 2861 581 2926 πόλιν
597 2861 771 2939 σώζεσθαι,
788 2862 840 2925 καί
858 2869 910 2936 τῆς
929 2865 1081 2953 σωτηρίας
1095 2865 1186 2955 χάριν
1204 2864 1298 2942 αὐτῆς
1318 2867 1408 2933 πάντ’
1429 2866 1522 2934 ἐκεῖν’

425 2967 615 3058 ἐνομοθέτουν
632 2973 684 3036 καὶ
707 2975 865 3063 ἔπραττον,
887 2970 948 3063 ἐγὼ
966 2969 1049 3037 δὲτὸ
1071 2974 1155 3050 τέλος
1171 2984 1224 3050 τῆς
1240 2978 1359 3069 γνώμης
1377 2979 1523 3071 παρέχεον

424 3083 477 3153 τήν
496 3085 659 3174 σωτηρίαν,
675 3091 738 3158 τοῖς
750 3082 824 3174 πρὸς
836 3082 869 3146 τὸ
887 3081 972 3158 τέλος
990 3082 1045 3148 οὐκ
1062 3083 1239 3176 ἐχρησάμην
1254 3089 1295 3164 ὡς
1314 3088 1403 3155 αύτοῖ
1416 3091 1525 3184 προςὲ-

425 3217 545 3278 ταττον,
566 3191 785 3285 ἔρωτάσθωσαν
800 3182 880 3257 οὗτοι
889 3239 899 3276 ,
914 3195 987 3277 καί,
1007 3197 1031 3258 εί
1046 3193 1140 3282 λύμην
1158 3195 1280 3288 λέγουσι
1300 3204 1388 3265 τοῦτο
1400 3201 1520 3289 «νόμων,

426 3302 495 3370 ἀλλ’
513 3303 547 3369 ού
566 3304 679 3392 μᾶλλον
696 3306 748 3369 καί
767 3302 929 3388 σύστασιν,
949 3305 990 3380 ὡς
1006 3303 1065 3396 ἐγὼ
1083 3301 1337 3399 διισχυρίζομαι,
1354 3312 1407 3376 καὶ
1424 3313 1524 3403 ἀσφά-

426 3415 522 3501 λειαν,
539 3412 651 3504 δίδωμι
667 3416 720 3480 καί
738 3413 827 3480 πάλιν
844 3416 899 3490 τὰς
914 3409 1004 3491 δίκας
1023 3414 1132 3492 εὐθέως
1143 3426 1196 3494 τῆς
1214 3425 1267 3484 τοῦ
1284 3421 1395 3509 νόμον,
1411 3423 1452 3498 ὡς
1468 3420 1523 3510 μὲν

426 3526 487 3619 ἐγὼ
503 3528 600 3621 λέγει,
619 3529 813 3610 συστάσεως,
832 3527 872 3602 ὡς
890 3522 920 3590 δ’
935 3526 1042 3591 ἐκεῖνοι
1060 3530 1212 3620 κρίνουσι,
1233 3532 1445 3610 καταλύσεως.

475 3636 589 3727 οίμαι’
604 3641 665 3730 γάρ
683 3637 803 3730 πρέπειν
821 3637 863 3725 μὴ
878 3636 922 3704 ὅτι
941 3662 976 3728 γε
990 3635 1069 3714 ξένον
1086 3641 1138 3704 καί
1157 3639 1262 3713 νέηλυν
1279 3644 1331 3708 καί
1351 3642 1521 3738 ἐλεύθερον,

426 3749 467 3826 ώς
483 3748 560 3841 ἐγώ,
577 3749 657 3814 άλλά
673 3750 725 3813 καὶ
746 3744 866 3827 δοῦλον,
881 3749 934 3813 καλ
949 3748 1072 3820 πολίτην
1087 3752 1205 3835 πάντα,
1223 3754 1275 3817 καὶ
1291 3753 1399 3845 ἐχθρὸν
1413 3753 1523 3820 ἄλλοτε

426 3856 577 3946 δέξαντα,
594 3862 683 3949 μόνον
702 3860 739 3924 ἂν
754 3857 817 3924 τότ’
836 3861 937 3935 εύνους
953 3855 973 3949 ᾗ
982 3906 992 3944 ,
1014 3856 1108 3948 μηδὲν
1125 3862 1260 3950 ἀμελεῖν,
1273 3860 1395 3949 βοηθεῖν
1411 3860 1523 3930 κινδυ-

425 3972 549 4065 νευούσῃ
562 3972 664 4057 πόλει,
680 3966 715 4047 ἧς
734 3969 815 4046 ἐντὸς
833 3968 984 4064 εὑρεθείη,
1006 3973 1062 4037 κᾶν
1080 3971 1159 4050 ὅπως
1174 3968 1315 4041 δύναται.
1332 3976 1433 4042 Καλὸν
1447 3975 1525 4043 ἕκα-

458 4228 519 4278 ‘Sic
537 4228 624 4281 codex.
646 4227 760 4279 Fortasse
778 4246 784 4276 :
806 4227 894 4290 δίδωμι
912 4229 957 4280 τὰς
983 4226 1072 4289 sapius
1084 4225 1167 4277 utitur.
1175 4225 1236 4276 Vide
1245 4241 1272 4292 p.
1283 4229 1326 4289 29,
1334 4243 1360 4278 n.
1370 4229 1382 4277 7
1387 4249 1395 4289 ;
1406 4227 1449 4289 ⁴7,
1461 4218 1523 4291 ⁴'‚6;

424 4309 502 4363 δίκας.
512 4315 552 4356 καί
564 4308 604 4360 ούκ
618 4310 741 4371 ἀντιλέγω.
756 4306 806 4356 Sed
819 4320 873 4356 esse
886 4303 956 4354 vide·
989 4307 1049 4363 134,
1067 4309 1089 4354 1.

424 4383 586 4435 tumendum
596 4385 701 4448 gravius.
1018 4383 1028 4411 ⁸
1040 4384 1134 4435 Schol.:
1147 4389 1214 4443 θέσις.

456 4460 526 4513 ’Κᾶν
541 4483 564 4512 κ.
577 4484 601 4528 γ.
620 4465 746 4529 ἐμάχοντο]
761 4464 848 4516 eadem
861 4459 956 4529 syntaxi
1017 4461 1029 4490 ⁴
1043 4463 1083 4514 Sic
1100 4465 1142 4515 κᾶν
1154 4466 1215 4524 ὅπως
1224 4472 1302 4530 γέγονε
1312 4483 1338 4530 [ν.
1356 4467 1418 4527 132,
1429 4467 1471 4516 31.
