3684 5659
443 621 490 691 86
779 631 813 687 Γ.
842 629 917 689 ΤΟΥ
942 626 1198 690 ΠΑΧΥΜΕΡΟΥΣ

441 763 479 826 ἂν
493 763 508 826 ό
523 758 606 826 δεῖνα
623 760 642 830 ἢ
662 760 678 824 ό
693 755 779 825 δεῖνα
797 756 957 844 βούλονται.
976 740 1019 825 E&
1038 756 1072 825 δὲ
1085 768 1144 824 τῶν
1162 755 1289 824 δικαίων
1305 766 1343 848 τῇ
1360 760 1464 846 πόλει,
1484 763 1537 827 καὶ

441 874 475 937 τό
491 881 549 937 τῶν
566 874 736 959 συμμάχων
754 870 954 961 ὑπερμαχεῖν,
974 874 1026 936 καί
1047 865 1141 959 μηδὲν
1156 869 1281 961 ροθερδν
1297 873 1459 961 ἡγεῖσθαι,
1480 873 1539 937 κᾶν

351 1004 353 1007 ·
442 980 581 1070 στέρησιν
600 987 677 1045 εἴποι
691 1005 736 1057 τις
749 989 802 1056 τῆς
817 978 982 1073 πατρίδος,
999 981 1056 1045 κᾶν
1071 982 1211 1062 θάνατον,
1228 983 1253 1043 εί
1267 980 1356 1066 μόνον
1370 982 1540 1072 ἀναγκαῖον

442 1090 504 1155 ἐστὶ
526 1086 646 1174 βοηθεῖν
666 1092 718 1154 καί
740 1086 831 1166 δόξαν
846 1098 884 1179 τῇ
902 1090 987 1155 πόλει
1009 1089 1088 1182 ρέρει
1111 1089 1164 1160 τὴν
1182 1088 1373 1179 πρέπουσαν·
1394 1089 1410 1156 ὃ
1428 1086 1467 1162 δὴ
1485 1093 1539 1157 καί

442 1201 605 1285 σωζέσθω,
627 1199 681 1265 οὐκ
700 1201 736 1265 ἂν
753 1199 813 1293 ἐγὼ
831 1199 924 1284 θέλω,
945 1196 1011 1265 οὐδ’
1028 1196 1149 1283 ἄλλος’,
1168 1198 1237 1263 ἀλλ’
1255 1200 1296 1274 ὡς
1314 1201 1484 1292 ἀναγκαῖον
1503 1210 1540 1290 τῇ

442 1309 543 1394 πόλει,
565 1310 622 1374 κάν
638 1311 748 1384 πάντες
765 1310 807 1396 μὴ
825 1308 972 1395 θέλοιμεν.

491 1418 595 1510 Μέγας
612 1420 627 1484 ὁ
647 1419 797 1496 Φίλιππος
810 1421 863 1484 καί
882 1416 996 1495 δεινός·
1016 1417 1085 1483 ἀλλ’
1097 1421 1117 1489 ἡ
1130 1417 1217 1494 πόλις
1233 1421 1317 1505 ἡμῶν
1329 1415 1450 1494 οὐδενός
1467 1416 1541 1497 άξία

443 1531 495 1594 καί
514 1530 662 1605 άσθενός;
682 1528 775 1605 πολὺς
792 1530 807 1594 ό
826 1529 955 1620 στρατός
976 1528 1107 1613 ἐκείνου,
1125 1531 1177 1593 καί
1199 1531 1309 1620 θάρρος
1326 1532 1389 1618 ἔχει
1408 1531 1462 1595 καί
1481 1529 1540 1617 ε’μ-

443 1642 560 1730 πειρίαν
577 1638 651 1730 πρὸς
668 1640 814 1727 πόλεμον·
832 1639 930 1705 ἀλλ’
917 1665 932 1704 ο
947 1640 1090 1732 ἡμέτερος
1109 1638 1209 1729 ὀλίγος
1225 1663 1271 1715 τις
1287 1665 1339 1704 και
1330 1634 1539 1727 δειμαλέος,

444 1753 496 1815 καί
522 1753 563 1814 τά
582 1751 657 1840 πρός
679 1750 807 1837 πόλεμον
832 1757 974 1888 άπειρος;
1001 1753 1177 1821 Μανείην
1154 1773 1205 1831 αν,
1233 1753 1258 1814 εἰ
1283 1749 1405 1840 λέγοιμι
1424 1754 1555 1830 ταῦτα.

443 1840 613 1947 Εξέστημευ
633 1869 686 1936 τῆς
711 1856 881 1946 τάξεως,’
868 1859 912 1950 ιγ’
935 1855 972 1936 ἧς
995 1861 1021 1925 οἱ
1046 1859 1172 1953 πατέρες
1195 1861 1277 1947 ἡμᾶς
1299 1860 1543 1948 καταλείψαντες

445 1970 543 2041 ἀπῖλθ
546 1994 591 2048 ους
605 1973 855 2058 ημνημονησαμεν
865 1996 925 2036 των
934 1970 1222 2063 παραγγελμάτων
1209 1974 1341 2052 εκεινων,
1352 1973 1409 2048 τας
1418 1967 1543 2062 πράξεις

444 2080 517 2174 παρ’
543 2077 629 2146 οὐδεν
652 2080 755 2169 ε’θέμεθ
759 2102 798 2162 ας
826 2082 933 2148 ἐκεῖνοι
955 2085 1085 2173 γάρ-
1035 2081 1184 2147 -οίλλόι
1206 2076 1314 2168 μηδείς
1338 2083 1379 2146 τόι
1403 2083 1543 2174 παρόντα

445 2193 557 2278 μείζω,
581 2192 655 2283 πρὸς
675 2191 776 2256 ἐκεῖνα
798 2195 984 2285 συγκρίνων,
1001 2195 1216 2280 νομίσειεν-
1233 2191 1340 2258 ἐκεῖνοι
1359 2196 1540 2327 τοιγαροῦν,

445 2297 694 2390 Λακεδαιμονίων
706 2301 1004 2392 οίμφισθητοιίτων
968 2329 1021 2380 της
1032 2311 1092 2369 τῶν
1103 2284 1273 2374 Ελλήνων’
1255 2310 1353 2394 αρχῆς
1364 2303 1417 2367 καὶ
1432 2307 1543 2395 καιροῦ

445 2407 656 2544 δραξαμένων,
677 2439 729 2478 και
751 2415 911 2507 τυράννους
930 2423 966 2504 τῇ
983 2413 1099 2481 πόλει’
1085 2415 1328 2525 επιστησοίντων,
1353 2411 1486 2489 ἐκείνους
1502 2408 1542 2484 δὴ

444 2521 514 2598 τοὺς
525 2521 723 2611 ὑμνουμένους
736 2527 921 2659 Τριάκοντα,
941 2526 994 2590 και
1008 2526 1049 2588 τὰ
1065 2523 1165 2611 κύκλῳ
1178 2532 1232 2600 τῆς
1249 2503 1379 2599 Ᾰττικῆς
1392 2523 1544 2612 κατεχόν-

445 2656 503 2698 των
525 2634 694 2725 ἁρμοσταῖς
715 2661 767 2699 και
786 2631 947 2727 ρρουραῖς’
950 2682 960 2720 ,
980 2660 1035 2700 ουκ
1053 2631 1200 2720 ἔπτηξαν,
1225 2629 1291 2700 οὐδ’
1315 2630 1537 2700 έδειλίασαν
1507 2658 1542 2699 το

446 2743 512 2808 τότε
538 2742 674 2830 συμθάν·
699 2744 766 2809 ἀλλ’
786 2741 950 2821 ἐξελθόντες
972 2747 998 2809 οἱ
1020 2745 1141 2823 πλείους
1160 2745 1189 2811 έν
1211 2741 1376 2836 Πειραιεῖ’,
1402 2745 1542 2810 κάκεῖθεν

480 3024 488 3050 ¹
503 3024 574 3078 Cod..
586 3025 633 3075 οὐδ’
643 3026 720 3082 ἄλλος.
735 3024 832 3089 Margo,
845 3032 886 3093 Γρ.
898 3026 938 3076 οὐκ
950 3029 979 3076 ἂν
1006 3028 1064 3076 lium
1083 3047 1104 3077 ιι
1118 3038 1142 3076 et
1155 3047 1177 3076 υ.
1198 3027 1259 3077 Inde
1272 3036 1451 3091 permutantur.
1471 3027 1543 3078 The-

446 3104 521 3160 άλλος.
535 3103 604 3153 Fort.
619 3103 667 3153 οὐδ’
682 3106 710 3154 ἂν
725 3103 800 3160 ἄλλος.
1005 3106 1128 3155 mistoclee
1141 3105 1187 3170 Ep.
1201 3106 1230 3165 9,
1245 3122 1271 3170 p.
1286 3105 1317 3154 39
1329 3105 1457 3171 Schoettg.:
1468 3107 1543 3172 ι’γωγι

479 3180 488 3206 ²
500 3182 619 3231 Describit
628 3181 815 3231 Demosthenem
828 3182 884 3231 Gor.
898 3181 957 3246 §28
971 3201 977 3230 ι
1005 3190 1135 3248 πέπεισμαι
1146 3185 1204 3241 [imo
1216 3190 1336 3248 πέπυσμαι
1346 3221 1353 3243 ,
1363 3195 1391 3234 ιιι
1401 3192 1439 3233 εει
1450 3186 1476 3234 in
1490 3183 1543 3234 Ga-

445 3262 637 3325 Λακεδαιμονίων
653 3271 694 3326 γῆς
709 3267 748 3310 καί
764 3264 880 3317 θαλάττης
893 3263 980 3327 ἀρχόν-
1006 3262 1188 3327 ryophylliaua.
1203 3277 1250 3326 qua
1264 3272 1344 3311 lamen
1357 3277 1427 3311 unum
1446 3277 1502 3312 esse
1515 3278 1544 3312 ee

446 3359 502 3399 των,
517 3347 557 3389 καί
574 3347 605 3390 τδι
617 3343 689 3405 κύκλῳ
705 3351 745 3396 τῆς
756 3335 854 3396 Ἀττικῆς
866 3344 981 3403 κατεχόυ-
1006 3339 1184 3404 Schoettgenius
1206 3339 1343 3405 profitetur)
1361 3341 1425 3390 διότι
1447 3345 1462 3397 ἡ
1482 3351 1544 3410 φυγὴ

445 3439 493 3468 των
514 3422 644 3485 ἁρμοσταῖς
664 3423 704 3466 καί
727 3429 847 3487 γρουραῖς.
865 3417 910 3478 Qui
933 3417 981 3467 sint
1006 3414 1048 3483 μὲν
1061 3421 1138 3483 ὀλίγον
1153 3439 1177 3469 τι
1189 3419 1266 3477 ἔδοξεν
1285 3417 1445 3482 αὖτοῖςηεῖναι
1463 3425 1543 3482 τιμώ·

446 3499 566 3564 ἁρμοσταί
589 3496 695 3560 explicat
715 3495 814 3561 Ulpian.
837 3494 869 3546 ad
895 3495 980 3561 Lepti·
1006 3517 1071 3564 ρημα
1084 3499 1120 3547 ἐπ’
1132 3497 1207 3565 ἄνδρα
1219 3502 1323 3546 τοσαῦτα
1335 3494 1443 3558 (addeeis
1458 3511 1474 3546 θ
1490 3496 1545 3547 Ca-

446 3589 533 3634 neam,
546 3573 562 3640 §
575 3576 607 3624 55
619 3594 625 3623 ε
640 3578 761 3642 ἁρμοστὰς
773 3580 825 3632 τοὺς
835 3577 857 3624 ἐν
870 3585 924 3631 ταῖς
937 3580 981 3625 πό·
1006 3576 1094 3641 ryoph.
1104 3583 1142 3625 καί
1152 3577 1290 3632 τηλικαῦτα)
1301 3581 1543 3642 κατειργασμένον...

447 3656 508 3701 λεσιν
525 3655 636 3719 ἄρχοντες
651 3665 696 3703 τῶν
707 3655 898 3717 Λακεδαιμονίων
909 3657 981 3715 λέγει.
1007 3653 1086 3718 Atque
1106 3654 1142 3704 sic
1162 3652 1351 3718 Caryopbyllum
1372 3652 1482 3716 neglexit
1495 3653 1545 3703 de-

446 3725 554 3779 Ἐκοίλουυ
570 3732 594 3778 δὲ
608 3731 692 3788 αὐτοὺς
702 3729 762 3782 οὕτω
776 3733 817 3781 διὰ
831 3739 859 3781 τὸ
871 3734 982 3798 ἁρμόζειν
1007 3730 1115 3780 scribere
1124 3746 1149 3796 p.
1161 3733 1191 3780 4³³
1205 3750 1211 3778 z
1225 3734 1245 3780 εἰ
1258 3732 1283 3781 δὲ
1292 3735 1332 3779 καί
1341 3732 1451 3798 περὺκοις
1461 3767 1468 3790 ,
1480 3732 1545 3782 οἰπο·

448 3813 478 3856 τὰ
487 3812 531 3863 ἤθη
543 3817 588 3857 τῶν
605 3811 707 3859 πολιτῶν
717 3819 766 3867 τοῖς
776 3819 822 3859 τῶν
829 3811 982 3873 Λακεδαιμο-
1006 3813 1109 3877 κρύπτεν
1123 3817 1154 3859 τὰ
1170 3814 1242 3860 πλείω
1259 3815 1299 3858 καὶ
1315 3810 1398 3870 ἀγάπα
1414 3811 1542 3859 λανθάνων.

448 3893 511 3936 νίων.
530 3886 566 3936 lbi
578 3885 653 3935 Wolf.
669 3887 741 3937 mod.
761 3887 810 3938 Sic.
832 3889 878 3946 13,
899 3889 930 3937 66
947 3907 953 3937 =
970 3892 982 3938 ὁ
1006 3887 1091 3937 Codex
1103 3898 1128 3937 et
1135 3887 1269 3953 Caryoph.:
1282 3889 1303 3936 εἰ
1313 3887 1339 3936 δὲ
1350 3904 1405 3955 περ.
1416 3886 1492 3955 ὥςπερ
1502 3892 1544 3936 καὶ

448 3965 470 4015 δ’
482 3967 505 4014 ἐν
519 3976 549 4035 τῇ
565 3968 632 4016 πόλει
645 3971 812 4031 καθιστάμενος
828 3962 982 4034 Ἱπποκράτης
1006 3972 1121 4035 πέρυκας,
1141 3969 1226 4033 ἀποκρ.
1247 3964 1353 4026 Rursus,
1375 3980 1402 4027 p.
1424 3964 1455 4013 ⁴8
1474 3983 1481 4013 ε
1499 3964 1544 4030 οὐχ

447 4043 549 4108 ἡγεμών,
561 4046 586 4095 δν
597 4047 618 4094 οἱ
628 4050 735 4103 Λάκωνες
747 4049 866 4114 ἁρμοστὴν
876 4047 979 4096 ἐκάλουν,
1007 4043 1079 4103 οὕτως
1089 4046 1135 4102 ἤδη
1146 4051 1257 4109 μισητέον
1268 4039 1395 4100 Ἀθηναίους
1409 4048 1475 4107 ἡμῖν,
1487 4043 1544 4101 ὖςτι

448 4121 483 4172 lbi
501 4123 606 4173 Wessel.
626 4122 695 4174 Adde
712 4123 797 4173 Jacob.
818 4124 908 4186 Quaest.
921 4122 981 4172 Luc.
1006 4129 1156 4174 καίτοιαῦτοί
1171 4143 1224 4174 τινα
1236 4128 1291 4191 περὶ
1306 4122 1383 4172 αιίτῶν
1400 4121 1545 4186 ὗπνλαμόά-

448 4214 470 4247 c.
485 4203 651 4266 4;Longuev.
666 4201 698 4252 ad
711 4203 788 4254 leoer.
803 4201 864 4252 Pan.
880 4219 906 4267 p.
920 4202 980 4261 1613
1007 4222 1062 4260 υειν,
1078 4205 1117 4253 οἷα
1133 4200 1186 4252 οὔτε
1199 4204 1289 4264 ἐγένετο
1301 4202 1392 4251 πώποθ’
1402 4201 1443 4250 ὑπ’
1457 4201 1543 4258 αὐτῶν,

447 4279 541 4328 Morum
552 4280 581 4328 ad
591 4280 653 4330 Xen.
665 4281 762 4331 Hellen.
774 4281 805 4330 Et
814 4296 879 4330 nunc
891 4279 981 4330 lonicae
1006 4280 1075 4345 οἶμαι
1090 4283 1114 4332 δὲ
1124 4282 1161 4334 ὅτι
1176 4280 1230 4332 οὖδὲ
1242 4282 1288 4349 οἷρα
1297 4285 1397 4344 γίνοιτο.
1409 4278 1545 4329 Restituoe

448 4355 519 4420 Reip.
536 4358 687 4421 magistratui
699 4363 817 4428 ἁρμοστής
832 4373 921 4409 nomen
934 4368 980 4407 θεῖ.
1006 4358 1140 4425 Campe:
1155 4359 1222 4424 οἶμαι
1240 4360 1264 4410 δὲ
1279 4359 1316 4410 ότι
1330 4358 1385 4408 οὖδί
1402 4358 1476 4416 ἔστιν,
1491 4357 1543 4409 ab&

483 4433 575 4495 wod„
588 4448 692 4499 πυραιεῖ.
701 4438 767 4488 ldem
778 4448 816 4488 eet
825 4453 898 4488 sonus
909 4451 981 4485 voea-
1006 4437 1053 4505 ἄρα
1066 4442 1112 4500 γῖν.
