<?xml version="1.0" encoding="UTF-8"?>
<!DOCTYPE html PUBLIC "-//W3C//DTD XHTML 1.0 Transitional//EN"
    "http://www.w3.org/TR/xhtml1/DTD/xhtml1-transitional.dtd">
<html xmlns="http://www.w3.org/1999/xhtml" xml:lang="en" lang="en">
 <head>
  <title>
</title>
<meta http-equiv="Content-Type" content="text/html;charset=utf-8" />
  <meta name='ocr-system' content='tesseract 3.04.00' />
  <meta name='ocr-capabilities' content='ocr_page ocr_carea ocr_par ocr_line ocrx_word'/>
</head>
<body>
  <div class='ocr_page' id='page_1' title='image "./gpachymerisdecl00hiergoog_0114.png"; bbox 0 0 3684 5659; ppageno 0'>
   <div class='ocr_carea' id='block_1_1' title="bbox 784 608 1200 673">
    <p class='ocr_par' dir='ltr' id='par_1_1' title="bbox 784 608 1200 673">
     <span class='ocr_line' id='line_1_1' title="bbox 784 608 1200 673; baseline 0 -3"><span class='ocrx_word' id='word_1_1' title='bbox 784 613 818 671; x_wconf 88' lang='grc' dir='ltr'>Γ.</span> <span class='ocrx_word' id='word_1_2' title='bbox 847 612 921 673; x_wconf 89' lang='grc' dir='ltr'>ΤΟΥ</span> <span class='ocrx_word' id='word_1_3' title='bbox 946 608 1200 672; x_wconf 81' lang='grc' dir='ltr'><strong>ΠΑΧΥΜΕΡΟΥΣ</strong></span> 
     </span>
    </p>
   </div>
   <div class='ocr_carea' id='block_1_2' title="bbox 836 1021 1158 1119">
    <p class='ocr_par' dir='ltr' id='par_1_2' title="bbox 836 1021 1158 1119">
     <span class='ocr_line' id='line_1_2' title="bbox 836 1021 1158 1119; baseline -0.019 -5"><span class='ocrx_word' id='word_1_4' title='bbox 836 1024 1070 1114; x_wconf 84' lang='grc' dir='ltr'>ΜΕΛΕΤΗ</span> <span class='ocrx_word' id='word_1_5' title='bbox 1100 1021 1158 1119; x_wconf 73' lang='grc' dir='ltr'>ς’.</span> 
     </span>
    </p>
   </div>
   <div class='ocr_carea' id='block_1_3' title="bbox 449 1275 1543 1464">
    <p class='ocr_par' dir='ltr' id='par_1_3' title="bbox 449 1275 1543 1464">
     <span class='ocr_line' id='line_1_3' title="bbox 449 1275 1543 1368; baseline -0.004 -24"><span class='ocrx_word' id='word_1_6' title='bbox 449 1275 625 1368; x_wconf 68' lang='grc' dir='ltr'>δρα-τείσας1</span> <span class='ocrx_word' id='word_1_7' title='bbox 635 1312 673 1355; x_wconf 86' lang='grc' dir='ltr'>τις</span> <span class='ocrx_word' id='word_1_8' title='bbox 684 1297 778 1366; x_wconf 77' lang='grc' dir='ltr'>ᾔτησεν</span> <span class='ocrx_word' id='word_1_9' title='bbox 790 1292 825 1354; x_wconf 87' lang='grc' dir='ltr'>εἰς</span> <span class='ocrx_word' id='word_1_10' title='bbox 836 1293 950 1367; x_wconf 87' lang='grc' dir='ltr'>τὸγέρας</span> <span class='ocrx_word' id='word_1_11' title='bbox 956 1288 1065 1345; x_wconf 88' lang='grc' dir='ltr'>πολίτου</span> <span class='ocrx_word' id='word_1_12' title='bbox 1073 1293 1157 1362; x_wconf 86' lang='grc' dir='ltr'>φόνον.</span> <span class='ocrx_word' id='word_1_13' title='bbox 1169 1283 1283 1342; x_wconf 84' lang='grc' dir='ltr'>Δέδωκεν</span> <span class='ocrx_word' id='word_1_14' title='bbox 1292 1290 1307 1347; x_wconf 80' lang='grc' dir='ltr'>η</span> <span class='ocrx_word' id='word_1_15' title='bbox 1315 1286 1398 1349; x_wconf 85' lang='grc' dir='ltr'>πόλις.</span> <span class='ocrx_word' id='word_1_16' title='bbox 1409 1285 1543 1363; x_wconf 70' lang='grc' dir='ltr'>Εὗρηται’</span> 
     </span>
     <span class='ocr_line' id='line_1_4' title="bbox 491 1381 1497 1464; baseline -0.006 -22"><span class='ocrx_word' id='word_1_17' title='bbox 491 1394 690 1464; x_wconf 88' lang='grc' dir='ltr'>προαπεκτονὼς</span> <span class='ocrx_word' id='word_1_18' title='bbox 701 1387 793 1456; x_wconf 81' lang='grc' dir='ltr'>αιίτόν,</span> <span class='ocrx_word' id='word_1_19' title='bbox 806 1392 852 1440; x_wconf 86' lang='grc' dir='ltr'>καὶ</span> <span class='ocrx_word' id='word_1_20' title='bbox 865 1391 982 1464; x_wconf 81' lang='grc' dir='ltr'>κρίνεται</span> <span class='ocrx_word' id='word_1_21' title='bbox 993 1391 1081 1461; x_wconf 83' lang='grc' dir='ltr'>φόνου.</span> <span class='ocrx_word' id='word_1_22' title='bbox 1100 1381 1269 1458; x_wconf 67' lang='grc' dir='ltr'>Μελετῶμεν8</span> <span class='ocrx_word' id='word_1_23' title='bbox 1280 1387 1325 1436; x_wconf 86' lang='grc' dir='ltr'>τὸν</span> <span class='ocrx_word' id='word_1_24' title='bbox 1340 1388 1497 1460; x_wconf 79' lang='grc' dir='ltr'>κατήγορον.</span> 
     </span>
    </p>
   </div>
   <div class='ocr_carea' id='block_1_4' title="bbox 449 1612 1571 3150">
    <p class='ocr_par' dir='ltr' id='par_1_4' title="bbox 449 1612 1571 3150">
     <span class='ocr_line' id='line_1_5' title="bbox 498 1612 1571 1711; baseline -0.006 -30"><span class='ocrx_word' id='word_1_25' title='bbox 498 1615 575 1694; x_wconf 63' lang='lat' dir='ltr'><em>W</em></span> <span class='ocrx_word' id='word_1_26' title='bbox 590 1617 643 1706; x_wconf 85' lang='grc' dir='ltr'>μὲν</span> <span class='ocrx_word' id='word_1_27' title='bbox 668 1621 824 1711; x_wconf 77' lang='grc' dir='ltr'>ἀριστείας</span> <span class='ocrx_word' id='word_1_28' title='bbox 845 1626 889 1705; x_wconf 82' lang='grc' dir='ltr'>τῷ</span> <span class='ocrx_word' id='word_1_29' title='bbox 911 1618 1059 1703; x_wconf 80' lang='grc' dir='ltr'><em>νεανίσκῳ</em></span> <span class='ocrx_word' id='word_1_30' title='bbox 1081 1614 1192 1680; x_wconf 84' lang='grc' dir='ltr'>πολλοῦ</span> <span class='ocrx_word' id='word_1_31' title='bbox 1212 1612 1271 1680; x_wconf 94' lang='grc' dir='ltr'>δέω</span> <span class='ocrx_word' id='word_1_32' title='bbox 1288 1616 1340 1679; x_wconf 82' lang='grc' dir='ltr'>καί</span> <span class='ocrx_word' id='word_1_33' title='bbox 1359 1619 1413 1680; x_wconf 84' lang='grc' dir='ltr'>τοῦ</span> <span class='ocrx_word' id='word_1_34' title='bbox 1429 1617 1544 1694; x_wconf 87' lang='grc' dir='ltr'>παντὸς</span> <span class='ocrx_word' id='word_1_35' title='bbox 1566 1666 1571 1675; x_wconf 92' lang='grc'><strong><em>.</em></strong></span> 
     </span>
     <span class='ocr_line' id='line_1_6' title="bbox 450 1721 1545 1820; baseline 0 -27"><span class='ocrx_word' id='word_1_36' title='bbox 450 1727 632 1820; x_wconf 79' lang='grc' dir='ltr'>μέμφεσθαι·</span> <span class='ocrx_word' id='word_1_37' title='bbox 652 1730 766 1818; x_wconf 84' lang='grc' dir='ltr'>μᾶλλον</span> <span class='ocrx_word' id='word_1_38' title='bbox 786 1727 838 1817; x_wconf 81' lang='grc' dir='ltr'>μέν</span> <span class='ocrx_word' id='word_1_39' title='bbox 858 1721 977 1795; x_wconf 76' lang='grc' dir='ltr'>οὖνκαὶ</span> <span class='ocrx_word' id='word_1_40' title='bbox 997 1724 1250 1818; x_wconf 82' lang='grc' dir='ltr'>ὑπερτεθαύμακα</span> <span class='ocrx_word' id='word_1_41' title='bbox 1264 1730 1381 1811; x_wconf 84' lang='grc' dir='ltr'>τοῦτον,</span> <span class='ocrx_word' id='word_1_42' title='bbox 1397 1724 1443 1793; x_wconf 85' lang='grc' dir='ltr'>ὅτι</span> <span class='ocrx_word' id='word_1_43' title='bbox 1461 1728 1545 1793; x_wconf 80' lang='grc' dir='ltr'>καλὰ</span> 
     </span>
     <span class='ocr_line' id='line_1_7' title="bbox 449 1834 1545 1933; baseline 0.002 -31"><span class='ocrx_word' id='word_1_44' title='bbox 449 1849 573 1932; x_wconf 86' lang='grc' dir='ltr'>τροφεῖα</span> <span class='ocrx_word' id='word_1_45' title='bbox 582 1849 618 1930; x_wconf 77' lang='grc' dir='ltr'>τῇ</span> <span class='ocrx_word' id='word_1_46' title='bbox 627 1837 752 1933; x_wconf 90' lang='grc' dir='ltr'>πατρίδι</span> <span class='ocrx_word' id='word_1_47' title='bbox 765 1840 909 1933; x_wconf 83' lang='grc' dir='ltr'>παρέχειν</span> <span class='ocrx_word' id='word_1_48' title='bbox 921 1842 1061 1927; x_wconf 81' lang='grc' dir='ltr'>οὕμενουν</span> <span class='ocrx_word' id='word_1_49' title='bbox 1073 1834 1322 1909; x_wconf 70' lang='grc' dir='ltr'>οὐκ“οὶπώκνησε·</span> <span class='ocrx_word' id='word_1_50' title='bbox 1335 1842 1388 1905; x_wconf 83' lang='grc' dir='ltr'>τοῦ</span> <span class='ocrx_word' id='word_1_51' title='bbox 1402 1834 1437 1904; x_wconf 84' lang='grc' dir='ltr'>δὲ</span> <span class='ocrx_word' id='word_1_52' title='bbox 1448 1837 1545 1932; x_wconf 91' lang='grc' dir='ltr'><em>γέρως</em></span> 
     </span>
     <span class='ocr_line' id='line_1_8' title="bbox 451 1946 1543 2044; baseline 0 -28"><span class='ocrx_word' id='word_1_53' title='bbox 451 1954 566 2043; x_wconf 76' lang='grc' dir='ltr'>φθονεῖν</span> <span class='ocrx_word' id='word_1_54' title='bbox 581 1953 618 2017; x_wconf 84' lang='grc' dir='ltr'>ἂν</span> <span class='ocrx_word' id='word_1_55' title='bbox 631 1953 820 2040; x_wconf 82' lang='grc' dir='ltr'>ἐνομιζόμην,</span> <span class='ocrx_word' id='word_1_56' title='bbox 835 1955 859 2017; x_wconf 87' lang='grc' dir='ltr'>εί</span> <span class='ocrx_word' id='word_1_57' title='bbox 877 1951 958 2044; x_wconf 87' lang='grc' dir='ltr'>μέγα</span> <span class='ocrx_word' id='word_1_58' title='bbox 971 1975 1000 2015; x_wconf 91' lang='grc' dir='ltr'>τι</span> <span class='ocrx_word' id='word_1_59' title='bbox 1012 1951 1064 2016; x_wconf 85' lang='grc' dir='ltr'>καί</span> <span class='ocrx_word' id='word_1_60' title='bbox 1082 1946 1241 2040; x_wconf 78' lang='grc' dir='ltr'>περιφανές</span> <span class='ocrx_word' id='word_1_61' title='bbox 1250 1954 1314 2038; x_wconf 73' lang='grc' dir='ltr'>ᾔτει</span> <span class='ocrx_word' id='word_1_62' title='bbox 1327 1952 1474 2035; x_wconf 79' lang='grc' dir='ltr'>νικήσας,</span> <span class='ocrx_word' id='word_1_63' title='bbox 1489 1953 1543 2016; x_wconf 84' lang='grc' dir='ltr'>καί</span> 
     </span>
     <span class='ocr_line' id='line_1_9' title="bbox 452 2044 1543 2154; baseline 0 -28"><span class='ocrx_word' id='word_1_64' title='bbox 452 2066 549 2138; x_wconf 81' lang='grc' dir='ltr'>ζητῶν</span> <span class='ocrx_word' id='word_1_65' title='bbox 567 2061 744 2154; x_wconf 75' lang='grc' dir='ltr'>ἐτύγχανεν.</span> <span class='ocrx_word' id='word_1_66' title='bbox 765 2044 838 2129; x_wconf 73' lang='grc' dir='ltr'>Επεὶ</span> <span class='ocrx_word' id='word_1_67' title='bbox 862 2060 896 2129; x_wconf 82' lang='grc' dir='ltr'>δὲ</span> <span class='ocrx_word' id='word_1_68' title='bbox 911 2064 998 2154; x_wconf 90' lang='grc' dir='ltr'>φόνος</span> <span class='ocrx_word' id='word_1_69' title='bbox 1015 2061 1139 2127; x_wconf 77' lang='grc' dir='ltr'>πολίτου</span> <span class='ocrx_word' id='word_1_70' title='bbox 1159 2061 1194 2126; x_wconf 84' lang='grc' dir='ltr'>τὸ</span> <span class='ocrx_word' id='word_1_71' title='bbox 1211 2058 1321 2151; x_wconf 83' lang='grc' dir='ltr'>γέρας,</span> <span class='ocrx_word' id='word_1_72' title='bbox 1339 2069 1470 2153; x_wconf 82' lang='grc' dir='ltr'>πρᾶγμα</span> <span class='ocrx_word' id='word_1_73' title='bbox 1488 2064 1543 2128; x_wconf 82' lang='grc' dir='ltr'>καί</span> 
     </span>
     <span class='ocr_line' id='line_1_10' title="bbox 451 2163 1546 2266; baseline 0.003 -30"><span class='ocrx_word' id='word_1_74' title='bbox 451 2173 525 2262; x_wconf 86' lang='grc' dir='ltr'>πρὸς</span> <span class='ocrx_word' id='word_1_75' title='bbox 543 2174 595 2245; x_wconf 78' lang='grc' dir='ltr'>τὴν</span> <span class='ocrx_word' id='word_1_76' title='bbox 616 2175 710 2245; x_wconf 77' lang='grc' dir='ltr'>ἀκοὴν</span> <span class='ocrx_word' id='word_1_77' title='bbox 731 2170 892 2266; x_wconf 89' lang='grc' dir='ltr'>δυςχερές,</span> <span class='ocrx_word' id='word_1_78' title='bbox 914 2173 955 2261; x_wconf 74' lang='grc' dir='ltr'>μὴ</span> <span class='ocrx_word' id='word_1_79' title='bbox 974 2171 1019 2239; x_wconf 84' lang='grc' dir='ltr'>ὅτι</span> <span class='ocrx_word' id='word_1_80' title='bbox 1036 2170 1067 2264; x_wconf 84' lang='grc' dir='ltr'>γ’</span> <span class='ocrx_word' id='word_1_81' title='bbox 1088 2170 1256 2262; x_wconf 80' lang='grc' dir='ltr'>ἐπίφθονον,</span> <span class='ocrx_word' id='word_1_82' title='bbox 1276 2169 1292 2234; x_wconf 79' lang='grc' dir='ltr'><strong>ὃ</strong></span> <span class='ocrx_word' id='word_1_83' title='bbox 1316 2166 1354 2242; x_wconf 71' lang='grc' dir='ltr'>δι’]</span> <span class='ocrx_word' id='word_1_84' title='bbox 1377 2173 1431 2237; x_wconf 85' lang='grc' dir='ltr'>καὶ</span> <span class='ocrx_word' id='word_1_85' title='bbox 1457 2163 1546 2250; x_wconf 73' lang='grc' dir='ltr'>οὗτος</span> 
     </span>
     <span class='ocr_line' id='line_1_11' title="bbox 452 2280 1543 2373; baseline 0 -25"><span class='ocrx_word' id='word_1_86' title='bbox 452 2280 506 2371; x_wconf 84' lang='grc' dir='ltr'>μὲν</span> <span class='ocrx_word' id='word_1_87' title='bbox 519 2282 634 2368; x_wconf 80' lang='grc' dir='ltr'>ἐζήτει,</span> <span class='ocrx_word' id='word_1_88' title='bbox 653 2283 771 2350; x_wconf 77' lang='grc' dir='ltr'>πολλῶν</span> <span class='ocrx_word' id='word_1_89' title='bbox 789 2285 1004 2372; x_wconf 80' lang='grc' dir='ltr'>δαυραζόντων</span> <span class='ocrx_word' id='word_1_90' title='bbox 1024 2283 1109 2368; x_wconf 88' lang='grc' dir='ltr'>τότε,</span> <span class='ocrx_word' id='word_1_91' title='bbox 1124 2290 1178 2359; x_wconf 82' lang='grc' dir='ltr'>τῆς</span> <span class='ocrx_word' id='word_1_92' title='bbox 1196 2283 1299 2358; x_wconf 82' lang='grc' dir='ltr'>αἰτίας</span> <span class='ocrx_word' id='word_1_93' title='bbox 1319 2283 1543 2373; x_wconf 80' lang='grc' dir='ltr'>ἀγνοουμένης,</span> 
     </span>
     <span class='ocr_line' id='line_1_12' title="bbox 452 2386 1546 2484; baseline 0.003 -26"><span class='ocrx_word' id='word_1_94' title='bbox 452 2391 537 2481; x_wconf 86' lang='grc' dir='ltr'>ὑμεῖς</span> <span class='ocrx_word' id='word_1_95' title='bbox 555 2386 584 2459; x_wconf 86' lang='grc' dir='ltr'>δ’</span> <span class='ocrx_word' id='word_1_96' title='bbox 597 2391 733 2482; x_wconf 82' lang='grc' dir='ltr'>ἐδίδοτε,</span> <span class='ocrx_word' id='word_1_97' title='bbox 747 2396 869 2484; x_wconf 82' lang='grc' dir='ltr'>παλαιῷ</span> <span class='ocrx_word' id='word_1_98' title='bbox 885 2397 937 2461; x_wconf 85' lang='grc' dir='ltr'>καί</span> <span class='ocrx_word' id='word_1_99' title='bbox 951 2395 1052 2471; x_wconf 84' lang='grc' dir='ltr'>καλῶς</span> <span class='ocrx_word' id='word_1_100' title='bbox 1065 2397 1164 2483; x_wconf 87' lang='grc' dir='ltr'>ἔχοντι</span> <span class='ocrx_word' id='word_1_101' title='bbox 1180 2393 1261 2481; x_wconf 76' lang='grc' dir='ltr'>νόμῳ</span> <span class='ocrx_word' id='word_1_102' title='bbox 1274 2395 1463 2481; x_wconf 80' lang='grc' dir='ltr'>πειθόμενοι,</span> <span class='ocrx_word' id='word_1_103' title='bbox 1480 2402 1546 2472; x_wconf 85' lang='grc' dir='ltr'>πῶς</span> 
     </span>
     <span class='ocr_line' id='line_1_13' title="bbox 452 2499 1545 2600; baseline 0.001 -28"><span class='ocrx_word' id='word_1_104' title='bbox 452 2506 490 2572; x_wconf 83' lang='grc' dir='ltr'>ἂν</span> <span class='ocrx_word' id='word_1_105' title='bbox 513 2505 687 2596; x_wconf 84' lang='grc' dir='ltr'>έγκληθείην</span> <span class='ocrx_word' id='word_1_106' title='bbox 706 2506 766 2597; x_wconf 85' lang='grc' dir='ltr'>ἐγὼ</span> <span class='ocrx_word' id='word_1_107' title='bbox 788 2510 915 2598; x_wconf 80' lang='grc' dir='ltr'>φθονῶν,</span> <span class='ocrx_word' id='word_1_108' title='bbox 937 2511 963 2572; x_wconf 79' lang='grc' dir='ltr'>εἰ</span> <span class='ocrx_word' id='word_1_109' title='bbox 987 2506 1027 2571; x_wconf 83' lang='grc' dir='ltr'>τὰ</span> <span class='ocrx_word' id='word_1_110' title='bbox 1047 2514 1100 2582; x_wconf 78' lang='grc' dir='ltr'>τῆς</span> <span class='ocrx_word' id='word_1_111' title='bbox 1121 2506 1235 2581; x_wconf 84' lang='grc' dir='ltr'>πόλεως</span> <span class='ocrx_word' id='word_1_112' title='bbox 1257 2499 1365 2569; x_wconf 91' lang='grc' dir='ltr'>δίκαια</span> <span class='ocrx_word' id='word_1_113' title='bbox 1386 2505 1545 2600; x_wconf 82' lang='grc' dir='ltr'>παρελθὼν</span> 
     </span>
     <span class='ocr_line' id='line_1_14' title="bbox 454 2611 1542 2711; baseline 0 -29"><span class='ocrx_word' id='word_1_114' title='bbox 454 2615 591 2707; x_wconf 84' lang='grc' dir='ltr'>λέγοιρι;</span> <span class='ocrx_word' id='word_1_115' title='bbox 615 2619 681 2682; x_wconf 81' lang='grc' dir='ltr'>οὔτε</span> <span class='ocrx_word' id='word_1_116' title='bbox 707 2619 768 2711; x_wconf 81' lang='grc' dir='ltr'>γὰρ</span> <span class='ocrx_word' id='word_1_117' title='bbox 790 2619 843 2689; x_wconf 73' lang='grc' dir='ltr'>τὴν</span> <span class='ocrx_word' id='word_1_118' title='bbox 865 2620 1020 2708; x_wconf 82' lang='grc' dir='ltr'>ἀριστείαν</span> <span class='ocrx_word' id='word_1_119' title='bbox 1044 2620 1106 2706; x_wconf 82' lang='grc' dir='ltr'>ἔχω</span> <span class='ocrx_word' id='word_1_120' title='bbox 1134 2611 1310 2681; x_wconf 69' lang='grc' dir='ltr'>διαέοίλλειν</span> <span class='ocrx_word' id='word_1_121' title='bbox 1334 2615 1376 2691; x_wconf 85' lang='grc' dir='ltr'>ὡς</span> <span class='ocrx_word' id='word_1_122' title='bbox 1400 2614 1542 2700; x_wconf 78' lang='grc' dir='ltr'>ε’λλιπίις,</span> 
     </span>
     <span class='ocr_line' id='line_1_15' title="bbox 454 2725 1545 2820; baseline 0.004 -26"><span class='ocrx_word' id='word_1_123' title='bbox 454 2729 520 2794; x_wconf 76' lang='grc' dir='ltr'>οὔτε</span> <span class='ocrx_word' id='word_1_124' title='bbox 537 2729 590 2800; x_wconf 79' lang='grc' dir='ltr'>τὴν</span> <span class='ocrx_word' id='word_1_125' title='bbox 606 2734 659 2794; x_wconf 82' lang='grc' dir='ltr'>τοῦ</span> <span class='ocrx_word' id='word_1_126' title='bbox 676 2728 772 2820; x_wconf 87' lang='grc' dir='ltr'><em>γέρως</em></span> <span class='ocrx_word' id='word_1_127' title='bbox 793 2736 913 2801; x_wconf 90' lang='grc' dir='ltr'>αίτησιν</span> <span class='ocrx_word' id='word_1_128' title='bbox 931 2729 1068 2805; x_wconf 81' lang='grc' dir='ltr'>κακίζειν</span> <span class='ocrx_word' id='word_1_129' title='bbox 1085 2728 1126 2804; x_wconf 83' lang='grc' dir='ltr'>ὡς</span> <span class='ocrx_word' id='word_1_130' title='bbox 1142 2728 1270 2802; x_wconf 69' lang='grc' dir='ltr'>ἀπηνής·</span> <span class='ocrx_word' id='word_1_131' title='bbox 1292 2725 1373 2792; x_wconf 78' lang='grc' dir='ltr'>ἀλλὰ</span> <span class='ocrx_word' id='word_1_132' title='bbox 1391 2726 1545 2816; x_wconf 69' lang='grc' dir='ltr'>καλὴ-μὲν</span> 
     </span>
     <span class='ocr_line' id='line_1_16' title="bbox 453 2834 1544 2931; baseline -0.008 -19"><span class='ocrx_word' id='word_1_133' title='bbox 453 2843 472 2912; x_wconf 73' lang='grc' dir='ltr'><em>ἡ</em></span> <span class='ocrx_word' id='word_1_134' title='bbox 489 2844 556 2910; x_wconf 89' lang='grc' dir='ltr'>νίκη</span> <span class='ocrx_word' id='word_1_135' title='bbox 573 2841 625 2904; x_wconf 86' lang='grc' dir='ltr'>καὶ</span> <span class='ocrx_word' id='word_1_136' title='bbox 649 2848 686 2928; x_wconf 77' lang='grc' dir='ltr'>τῇ</span> <span class='ocrx_word' id='word_1_137' title='bbox 705 2840 789 2905; x_wconf 87' lang='grc' dir='ltr'>πόλει</span> <span class='ocrx_word' id='word_1_138' title='bbox 807 2837 1025 2931; x_wconf 86' lang='grc' dir='ltr'>συμφέρουσα,</span> <span class='ocrx_word' id='word_1_139' title='bbox 1050 2839 1143 2905; x_wconf 85' lang='grc' dir='ltr'>καλὸν</span> <span class='ocrx_word' id='word_1_140' title='bbox 1164 2834 1266 2904; x_wconf 80' lang='grc' dir='ltr'>δὲκαὶ</span> <span class='ocrx_word' id='word_1_141' title='bbox 1286 2838 1321 2902; x_wconf 85' lang='grc' dir='ltr'>τὸ</span> <span class='ocrx_word' id='word_1_142' title='bbox 1339 2835 1433 2928; x_wconf 87' lang='grc' dir='ltr'>γέρας</span> <span class='ocrx_word' id='word_1_143' title='bbox 1451 2835 1544 2929; x_wconf 83' lang='grc' dir='ltr'>ε’φαί-</span> 
     </span>
     <span class='ocr_line' id='line_1_17' title="bbox 453 2943 1543 3041; baseline -0.003 -25"><span class='ocrx_word' id='word_1_144' title='bbox 453 2950 511 3016; x_wconf 88' lang='grc' dir='ltr'>νετ’</span> <span class='ocrx_word' id='word_1_145' title='bbox 538 2950 575 3014; x_wconf 79' lang='grc' dir='ltr'>ἂν</span> <span class='ocrx_word' id='word_1_146' title='bbox 600 2951 651 3015; x_wconf 86' lang='grc' dir='ltr'>καί</span> <span class='ocrx_word' id='word_1_147' title='bbox 679 2952 721 3024; x_wconf 85' lang='grc' dir='ltr'>εἰς</span> <span class='ocrx_word' id='word_1_148' title='bbox 744 2949 914 3039; x_wconf 86' lang='grc' dir='ltr'>φιλοτιμίαν</span> <span class='ocrx_word' id='word_1_149' title='bbox 940 2958 983 3037; x_wconf 82' lang='grc' dir='ltr'>τῷ</span> <span class='ocrx_word' id='word_1_150' title='bbox 1007 2948 1238 3041; x_wconf 83' lang='grc' dir='ltr'>ἀριστεύσαντι,</span> <span class='ocrx_word' id='word_1_151' title='bbox 1265 2951 1290 3012; x_wconf 83' lang='grc' dir='ltr'>εἰ</span> <span class='ocrx_word' id='word_1_152' title='bbox 1317 2948 1420 3023; x_wconf 81' lang='grc' dir='ltr'>καθὼς</span> <span class='ocrx_word' id='word_1_153' title='bbox 1446 2943 1543 3037; x_wconf 58' lang='grc' dir='ltr'>ᾔτεθ,</span> 
     </span>
     <span class='ocr_line' id='line_1_18' title="bbox 453 3055 1545 3150; baseline -0.001 -24"><span class='ocrx_word' id='word_1_154' title='bbox 453 3059 554 3127; x_wconf 70' lang='grc' dir='ltr'>λαέὼυ</span> <span class='ocrx_word' id='word_1_155' title='bbox 566 3056 703 3150; x_wconf 79' lang='grc' dir='ltr'>ἔπραξεν,</span> <span class='ocrx_word' id='word_1_156' title='bbox 718 3060 797 3126; x_wconf 82' lang='grc' dir='ltr'>ἀλλὰ</span> <span class='ocrx_word' id='word_1_157' title='bbox 813 3061 854 3148; x_wconf 79' lang='grc' dir='ltr'>μη</span> <span class='ocrx_word' id='word_1_158' title='bbox 871 3060 971 3136; x_wconf 78' lang='grc' dir='ltr'>ἄλλως</span> <span class='ocrx_word' id='word_1_159' title='bbox 988 3059 1041 3148; x_wconf 82' lang='grc' dir='ltr'>μὲν</span> <span class='ocrx_word' id='word_1_160' title='bbox 1057 3059 1206 3148; x_wconf 69' lang='grc' dir='ltr'>ε’λοίριὸανε</span> <span class='ocrx_word' id='word_1_161' title='bbox 1222 3061 1376 3144; x_wconf 79' lang='grc' dir='ltr'>ζητήσας,</span> <span class='ocrx_word' id='word_1_162' title='bbox 1395 3058 1497 3136; x_wconf 82' lang='grc' dir='ltr'>ἄλλως</span> <span class='ocrx_word' id='word_1_163' title='bbox 1509 3055 1545 3125; x_wconf 80' lang='grc' dir='ltr'>δὲ</span> 
     </span>
    </p>
   </div>
   <div class='ocr_carea' id='block_1_5' title="bbox 452 3172 1038 3284">
    <p class='ocr_par' dir='ltr' id='par_1_5' title="bbox 452 3172 1038 3284">
     <span class='ocr_line' id='line_1_19' title="bbox 452 3172 1038 3284; baseline -0.002 -48"><span class='ocrx_word' id='word_1_164' title='bbox 452 3173 573 3284; x_wconf 76' lang='grc' dir='ltr'>φθείρας</span> <span class='ocrx_word' id='word_1_165' title='bbox 588 3172 640 3235; x_wconf 85' lang='grc' dir='ltr'>καί</span> <span class='ocrx_word' id='word_1_166' title='bbox 653 3172 694 3258; x_wconf 79' lang='grc' dir='ltr'>μίν</span> <span class='ocrx_word' id='word_1_167' title='bbox 709 3174 843 3247; x_wconf 72' lang='grc' dir='ltr'>ζητήσας</span> <span class='ocrx_word' id='word_1_168' title='bbox 859 3173 1038 3263; x_wconf 81' lang='grc' dir='ltr'>εἰργάσατο.</span> 
     </span>
    </p>
   </div>
   <div class='ocr_carea' id='block_1_6' title="bbox 452 3277 1548 3816">
    <p class='ocr_par' dir='ltr' id='par_1_6' title="bbox 452 3277 1548 3816">
     <span class='ocr_line' id='line_1_20' title="bbox 502 3277 1546 3374; baseline 0.002 -28"><span class='ocrx_word' id='word_1_169' title='bbox 502 3286 593 3369; x_wconf 88' lang='grc' dir='ltr'>Ομως</span> <span class='ocrx_word' id='word_1_170' title='bbox 609 3306 644 3374; x_wconf 90' lang='grc' dir='ltr'>γε</span> <span class='ocrx_word' id='word_1_171' title='bbox 657 3281 758 3370; x_wconf 87' lang='grc' dir='ltr'>μέντοι</span> <span class='ocrx_word' id='word_1_172' title='bbox 770 3283 803 3346; x_wconf 82' lang='grc' dir='ltr'>τὸ</span> <span class='ocrx_word' id='word_1_173' title='bbox 819 3291 879 3347; x_wconf 84' lang='grc' dir='ltr'>πᾶν</span> <span class='ocrx_word' id='word_1_174' title='bbox 892 3281 937 3367; x_wconf 84' lang='grc' dir='ltr'>ἐφ’</span> <span class='ocrx_word' id='word_1_175' title='bbox 955 3281 1024 3370; x_wconf 83' lang='grc' dir='ltr'>ὑμῖν</span> <span class='ocrx_word' id='word_1_176' title='bbox 1038 3284 1177 3374; x_wconf 83' lang='grc' dir='ltr'>ἀναρτῶ,</span> <span class='ocrx_word' id='word_1_177' title='bbox 1191 3282 1274 3358; x_wconf 82' lang='grc' dir='ltr'>ὡςτὸ</span> <span class='ocrx_word' id='word_1_178' title='bbox 1287 3283 1396 3373; x_wconf 91' lang='grc' dir='ltr'>κρίνειν</span> <span class='ocrx_word' id='word_1_179' title='bbox 1415 3277 1546 3360; x_wconf 86' lang='grc' dir='ltr'>δικαίως</span> 
     </span>
     <span class='ocr_line' id='line_1_21' title="bbox 454 3389 1547 3484; baseline 0.003 -26"><span class='ocrx_word' id='word_1_180' title='bbox 454 3393 505 3458; x_wconf 86' lang='grc' dir='ltr'>καὶ</span> <span class='ocrx_word' id='word_1_181' title='bbox 529 3394 612 3458; x_wconf 83' lang='grc' dir='ltr'>κατὰ</span> <span class='ocrx_word' id='word_1_182' title='bbox 631 3391 700 3470; x_wconf 81' lang='grc' dir='ltr'>τοὺς</span> <span class='ocrx_word' id='word_1_183' title='bbox 723 3391 829 3484; x_wconf 83' lang='grc' dir='ltr'>ὅρκους</span> <span class='ocrx_word' id='word_1_184' title='bbox 848 3395 968 3482; x_wconf 84' lang='grc' dir='ltr'>ἔχουσι.</span> <span class='ocrx_word' id='word_1_185' title='bbox 989 3394 1049 3458; x_wconf 86' lang='grc' dir='ltr'>Καί</span> <span class='ocrx_word' id='word_1_186' title='bbox 1071 3391 1156 3480; x_wconf 86' lang='grc' dir='ltr'>ὑμεῖς</span> <span class='ocrx_word' id='word_1_187' title='bbox 1178 3393 1215 3457; x_wconf 81' lang='grc' dir='ltr'>ἂν</span> <span class='ocrx_word' id='word_1_188' title='bbox 1238 3399 1349 3457; x_wconf 87' lang='grc' dir='ltr'>είποιτε</span> <span class='ocrx_word' id='word_1_189' title='bbox 1373 3395 1398 3456; x_wconf 87' lang='grc' dir='ltr'>εἰ</span> <span class='ocrx_word' id='word_1_190' title='bbox 1423 3389 1547 3482; x_wconf 81' lang='grc' dir='ltr'>δίκαιόν</span> 
     </span>
     <span class='ocr_line' id='line_1_22' title="bbox 453 3499 1548 3595; baseline -0.001 -25"><span class='ocrx_word' id='word_1_191' title='bbox 453 3505 532 3570; x_wconf 83' lang='grc' dir='ltr'>ἐστιν</span> <span class='ocrx_word' id='word_1_192' title='bbox 550 3503 580 3569; x_wconf 85' lang='grc' dir='ltr'>ἐν</span> <span class='ocrx_word' id='word_1_193' title='bbox 598 3499 864 3595; x_wconf 79' lang='grc' dir='ltr'>δημοκρατουμένη</span> <span class='ocrx_word' id='word_1_194' title='bbox 877 3503 961 3568; x_wconf 86' lang='grc' dir='ltr'>πόλει</span> <span class='ocrx_word' id='word_1_195' title='bbox 978 3505 1029 3568; x_wconf 87' lang='grc' dir='ltr'>καί</span> <span class='ocrx_word' id='word_1_196' title='bbox 1048 3504 1149 3591; x_wconf 83' lang='grc' dir='ltr'>νόμοις</span> <span class='ocrx_word' id='word_1_197' title='bbox 1167 3500 1357 3592; x_wconf 75' lang='grc' dir='ltr'>διοικουμένῃ</span> <span class='ocrx_word' id='word_1_198' title='bbox 1369 3503 1488 3568; x_wconf 81' lang='grc' dir='ltr'>τοιαῦτ’</span> <span class='ocrx_word' id='word_1_199' title='bbox 1503 3501 1548 3580; x_wconf 84' lang='grc' dir='ltr'>ἐξ·</span> 
     </span>
     <span class='ocr_line' id='line_1_23' title="bbox 453 3609 1547 3703; baseline 0 -22"><span class='ocrx_word' id='word_1_200' title='bbox 453 3625 528 3681; x_wconf 87' lang='grc' dir='ltr'>εῖναι</span> <span class='ocrx_word' id='word_1_201' title='bbox 560 3623 670 3695; x_wconf 83' lang='grc' dir='ltr'>ποιεῖν,</span> <span class='ocrx_word' id='word_1_202' title='bbox 702 3615 754 3678; x_wconf 84' lang='grc' dir='ltr'>καί</span> <span class='ocrx_word' id='word_1_203' title='bbox 780 3613 932 3679; x_wconf 77' lang='grc' dir='ltr'>ὁντιναοῦν</span> <span class='ocrx_word' id='word_1_204' title='bbox 957 3614 1169 3680; x_wconf 81' lang='grc' dir='ltr'>ἀποκτιννύναι</span> <span class='ocrx_word' id='word_1_205' title='bbox 1190 3615 1241 3679; x_wconf 84' lang='grc' dir='ltr'>τὸν</span> <span class='ocrx_word' id='word_1_206' title='bbox 1265 3609 1386 3699; x_wconf 56' lang='grc' dir='ltr'>ἄλλονἿ,</span> <span class='ocrx_word' id='word_1_207' title='bbox 1408 3617 1434 3679; x_wconf 86' lang='grc' dir='ltr'>εί</span> <span class='ocrx_word' id='word_1_208' title='bbox 1456 3615 1547 3703; x_wconf 85' lang='grc' dir='ltr'>μόνον</span> 
     </span>
     <span class='ocr_line' id='line_1_24' title="bbox 452 3725 789 3816; baseline -0.009 -25"><span class='ocrx_word' id='word_1_209' title='bbox 452 3725 613 3791; x_wconf 84' lang='grc' dir='ltr'>πλάττοιτο</span> <span class='ocrx_word' id='word_1_210' title='bbox 626 3726 789 3816; x_wconf 85' lang='grc' dir='ltr'>πρόφασις.</span> 
     </span>
    </p>
   </div>
   <div class='ocr_carea' id='block_1_7' title="bbox 452 3955 1549 4496">
    <p class='ocr_par' dir='ltr' id='par_1_7' title="bbox 452 3955 1549 4496">
     <span class='ocr_line' id='line_1_25' title="bbox 488 3955 1315 4027; baseline 0.004 -19"><span class='ocrx_word' id='word_1_211' title='bbox 488 3958 495 3984; x_wconf 86' lang='lat'>¹</span> <span class='ocrx_word' id='word_1_212' title='bbox 510 3957 603 4008; x_wconf 58' lang='lat' dir='ltr'>Schola</span> <span class='ocrx_word' id='word_1_213' title='bbox 615 3964 629 4016; x_wconf 82' lang='grc' dir='ltr'>ἡ</span> <span class='ocrx_word' id='word_1_214' title='bbox 641 3962 731 4016; x_wconf 83' lang='grc' dir='ltr'>στάσις.</span> <span class='ocrx_word' id='word_1_215' title='bbox 739 3983 773 3994; x_wconf 92' lang='grc'>-</span> <span class='ocrx_word' id='word_1_216' title='bbox 782 3955 809 4005; x_wconf 91' lang='lat' dir='ltr'>ld</span> <span class='ocrx_word' id='word_1_217' title='bbox 818 3965 986 4022; x_wconf 79' lang='lat' dir='ltr'><strong>argumentum</strong></span> <span class='ocrx_word' id='word_1_218' title='bbox 1046 3955 1056 3982; x_wconf 84' lang='lat'><strong>¹</strong></span> <span class='ocrx_word' id='word_1_219' title='bbox 1068 3958 1164 4009; x_wconf 82' lang='lat' dir='ltr'><strong>Schol.:</strong></span> <span class='ocrx_word' id='word_1_220' title='bbox 1175 3963 1315 4027; x_wconf 81' lang='grc' dir='ltr'>μετάληψις.</span> 
     </span>
     <span class='ocr_line' id='line_1_26' title="bbox 452 4035 1524 4104; baseline 0.003 -19"><span class='ocrx_word' id='word_1_221' title='bbox 452 4037 477 4088; x_wconf 85' lang='lat' dir='ltr'>in</span> <span class='ocrx_word' id='word_1_222' title='bbox 497 4036 588 4089; x_wconf 71' lang='lat' dir='ltr'><strong>scholis</strong></span> <span class='ocrx_word' id='word_1_223' title='bbox 605 4037 650 4088; x_wconf 80' lang='lat' dir='ltr'>fuit</span> <span class='ocrx_word' id='word_1_224' title='bbox 667 4045 724 4087; x_wconf 76' lang='lat' dir='ltr'><strong>ante</strong></span> <span class='ocrx_word' id='word_1_225' title='bbox 741 4035 915 4100; x_wconf 80' lang='lat' dir='ltr'>Pachymerem</span> <span class='ocrx_word' id='word_1_226' title='bbox 937 4046 986 4085; x_wconf 79' lang='lat' dir='ltr'><strong>tra·</strong></span> <span class='ocrx_word' id='word_1_227' title='bbox 1045 4036 1214 4103; x_wconf 68' lang='grc' dir='ltr'>’Μελιτῶμιν]</span> <span class='ocrx_word' id='word_1_228' title='bbox 1228 4038 1284 4089; x_wconf 81' lang='lat' dir='ltr'>vide</span> <span class='ocrx_word' id='word_1_229' title='bbox 1293 4054 1319 4104; x_wconf 90' lang='lat' dir='ltr'>p.</span> <span class='ocrx_word' id='word_1_230' title='bbox 1337 4042 1365 4100; x_wconf 74' lang='grc' dir='ltr'>ῖς</span> <span class='ocrx_word' id='word_1_231' title='bbox 1380 4040 1427 4101; x_wconf 76' lang='lat'>20,</span> <span class='ocrx_word' id='word_1_232' title='bbox 1439 4040 1469 4102; x_wconf 76' lang='lat'>³5</span> <span class='ocrx_word' id='word_1_233' title='bbox 1483 4040 1524 4090; x_wconf 70' lang='lat'>59.</span> 
     </span>
     <span class='ocr_line' id='line_1_27' title="bbox 452 4113 1549 4186; baseline 0.002 -18"><span class='ocrx_word' id='word_1_234' title='bbox 452 4126 552 4168; x_wconf 77' lang='lat' dir='ltr'><strong>etatum.</strong></span> <span class='ocrx_word' id='word_1_235' title='bbox 562 4117 686 4184; x_wconf 75' lang='lat' dir='ltr'>Synesius,</span> <span class='ocrx_word' id='word_1_236' title='bbox 698 4114 744 4166; x_wconf 77' lang='lat' dir='ltr'>sub</span> <span class='ocrx_word' id='word_1_237' title='bbox 755 4113 890 4164; x_wconf 78' lang='lat' dir='ltr'>[inemlibri</span> <span class='ocrx_word' id='word_1_238' title='bbox 900 4114 936 4164; x_wconf 82' lang='lat' dir='ltr'>De</span> <span class='ocrx_word' id='word_1_239' title='bbox 946 4115 986 4165; x_wconf 89' lang='lat' dir='ltr'>ln·</span> <span class='ocrx_word' id='word_1_240' title='bbox 1045 4115 1057 4142; x_wconf 79' lang='lat'>⁴</span> <span class='ocrx_word' id='word_1_241' title='bbox 1069 4116 1169 4167; x_wconf 86' lang='lat' dir='ltr'><strong>Schol.:</strong></span> <span class='ocrx_word' id='word_1_242' title='bbox 1183 4127 1210 4168; x_wconf 82' lang='grc' dir='ltr'>τὸ</span> <span class='ocrx_word' id='word_1_243' title='bbox 1227 4126 1350 4186; x_wconf 80' lang='grc' dir='ltr'>προοίμιον</span> <span class='ocrx_word' id='word_1_244' title='bbox 1370 4121 1394 4178; x_wconf 79' lang='grc' dir='ltr'>ἐξ</span> <span class='ocrx_word' id='word_1_245' title='bbox 1413 4118 1549 4185; x_wconf 75' lang='grc' dir='ltr'>ὑπολήψεως</span> 
     </span>
     <span class='ocr_line' id='line_1_28' title="bbox 452 4193 1546 4267; baseline 0.002 -21"><span class='ocrx_word' id='word_1_246' title='bbox 452 4197 567 4260; x_wconf 74' lang='lat' dir='ltr'>somniis,</span> <span class='ocrx_word' id='word_1_247' title='bbox 585 4196 776 4247; x_wconf 79' lang='lat' dir='ltr'><strong>declamatorum</strong></span> <span class='ocrx_word' id='word_1_248' title='bbox 795 4193 910 4245; x_wconf 82' lang='lat' dir='ltr'>deridens</span> <span class='ocrx_word' id='word_1_249' title='bbox 931 4193 985 4242; x_wconf 86' lang='lat' dir='ltr'><strong>ine·</strong></span> <span class='ocrx_word' id='word_1_250' title='bbox 1013 4202 1055 4246; x_wconf 78' lang='grc' dir='ltr'>τοῖν</span> <span class='ocrx_word' id='word_1_251' title='bbox 1066 4197 1196 4254; x_wconf 85' lang='grc' dir='ltr'>διώκοντος.</span> <span class='ocrx_word' id='word_1_252' title='bbox 1208 4202 1290 4248; x_wconf 78' lang='grc' dir='ltr'>Φθόνον</span> <span class='ocrx_word' id='word_1_253' title='bbox 1304 4205 1350 4265; x_wconf 81' lang='grc' dir='ltr'>γὰρ</span> <span class='ocrx_word' id='word_1_254' title='bbox 1361 4204 1546 4267; x_wconf 82' lang='grc' dir='ltr'>προαιακόπτιι.</span> 
     </span>
     <span class='ocr_line' id='line_1_29' title="bbox 452 4272 1413 4340; baseline 0.003 -17"><span class='ocrx_word' id='word_1_255' title='bbox 452 4275 529 4339; x_wconf 67' lang='lat' dir='ltr'><strong>mian,</strong></span> <span class='ocrx_word' id='word_1_256' title='bbox 546 4274 601 4324; x_wconf 86' lang='lat' dir='ltr'>loco</span> <span class='ocrx_word' id='word_1_257' title='bbox 620 4273 808 4339; x_wconf 83' lang='lat' dir='ltr'><strong>pulcherrimo:</strong></span> <span class='ocrx_word' id='word_1_258' title='bbox 829 4278 874 4324; x_wconf 82' lang='grc' dir='ltr'>ποῦ</span> <span class='ocrx_word' id='word_1_259' title='bbox 896 4274 925 4324; x_wconf 79' lang='grc' dir='ltr'>ἂν</span> <span class='ocrx_word' id='word_1_260' title='bbox 949 4274 986 4329; x_wconf 86' lang='grc' dir='ltr'>ιῖη</span> <span class='ocrx_word' id='word_1_261' title='bbox 1045 4272 1165 4340; x_wconf 72' lang='lat' dir='ltr'>⁵Videp.</span> <span class='ocrx_word' id='word_1_262' title='bbox 1179 4277 1224 4336; x_wconf 80' lang='lat'>36,</span> <span class='ocrx_word' id='word_1_263' title='bbox 1237 4290 1263 4324; x_wconf 85' lang='lat' dir='ltr'>n.</span> <span class='ocrx_word' id='word_1_264' title='bbox 1276 4277 1305 4337; x_wconf 69' lang='grc' dir='ltr'>ὃς</span> <span class='ocrx_word' id='word_1_265' title='bbox 1319 4278 1413 4336; x_wconf 76' lang='grc'>87,20,</span> 
     </span>
     <span class='ocr_line' id='line_1_30' title="bbox 453 4350 1409 4424; baseline 0.004 -23"><span class='ocrx_word' id='word_1_266' title='bbox 453 4355 562 4402; x_wconf 79' lang='grc' dir='ltr'>πολιτεία</span> <span class='ocrx_word' id='word_1_267' title='bbox 581 4359 650 4421; x_wconf 83' lang='grc' dir='ltr'>γίρας</span> <span class='ocrx_word' id='word_1_268' title='bbox 668 4355 762 4423; x_wconf 87' lang='grc' dir='ltr'>οἰριστιῖ</span> <span class='ocrx_word' id='word_1_269' title='bbox 782 4352 877 4405; x_wconf 77' lang='grc' dir='ltr'>διδοῦσα</span> <span class='ocrx_word' id='word_1_270' title='bbox 897 4361 986 4403; x_wconf 86' lang='grc' dir='ltr'>κτεῖναι</span> <span class='ocrx_word' id='word_1_271' title='bbox 1046 4350 1167 4413; x_wconf 75' lang='lat' dir='ltr'>‘Codex,</span> <span class='ocrx_word' id='word_1_272' title='bbox 1181 4357 1228 4424; x_wconf 67' lang='grc' dir='ltr'>ᾔει.</span> <span class='ocrx_word' id='word_1_273' title='bbox 1245 4353 1336 4418; x_wconf 82' lang='lat' dir='ltr'>Scripsi</span> <span class='ocrx_word' id='word_1_274' title='bbox 1348 4361 1409 4424; x_wconf 73' lang='grc' dir='ltr'>ῇτιι.</span> 
     </span>
     <span class='ocr_line' id='line_1_31' title="bbox 452 4428 1333 4496; baseline 0.002 -15"><span class='ocrx_word' id='word_1_275' title='bbox 452 4435 548 4487; x_wconf 87' lang='grc' dir='ltr'>πολίτην</span> <span class='ocrx_word' id='word_1_276' title='bbox 566 4431 811 4496; x_wconf 83' lang='grc' dir='ltr'>ἆντιπολιτιυόμινον;</span> <span class='ocrx_word' id='word_1_277' title='bbox 1047 4428 1177 4482; x_wconf 73' lang='lat' dir='ltr'><strong>&#39;Fortasse</strong></span> <span class='ocrx_word' id='word_1_278' title='bbox 1188 4441 1234 4484; x_wconf 83' lang='grc' dir='ltr'>τῶν</span> <span class='ocrx_word' id='word_1_279' title='bbox 1248 4433 1333 4485; x_wconf 80' lang='grc' dir='ltr'>ἄλλων.</span> 
     </span>
    </p>
   </div>
   <div class='ocr_carea' id='block_1_8' title="bbox 0 0 1849 5659">
    <p class='ocr_par' dir='ltr' id='par_1_8' title="bbox 0 0 1849 5659">
     <span class='ocr_line' id='line_1_32' title="bbox 0 0 1849 5659; baseline 0 0"><span class='ocrx_word' id='word_1_280' title='bbox 0 0 1849 5659; x_wconf 95' lang='lat' dir='ltr'> </span> 
     </span>
    </p>
   </div>
  </div>
 </body>
</html>
