3684 5659
758 607 915 669 MEAETH
942 596 993 671 ε’.
1377 608 1424 680 93

327 735 570 826 συμπλέκεσθαι·
598 734 687 816 εἰδώς
712 735 746 804 δὲ
771 742 823 806 καί
846 741 896 804 τὸν
920 738 1015 829 δῆμον
1039 744 1178 834 ἀγαπᾷν,
1202 746 1254 808 καί
1277 747 1351 836 πρὸς
1372 746 1424 814 ἕνα

329 846 458 915 ἕκαστον
477 846 555 915 οὕτω
572 845 769 937 διακεῖσθαι,
790 851 884 943 ὥςπερ
902 853 940 916 ἂν
958 857 983 918 εἰ
1004 855 1078 944 πρὸς
1095 854 1211 947 πατέρα
1230 855 1249 926 ή
1273 858 1346 947 πρός
1361 860 1425 925 υἱόν

327 956 409 1048 εἶχεν
425 960 445 1032 ή
462 962 537 1052 πρὸς
558 965 754 1053 κασίγνητον·
775 965 827 1028 καί
846 964 888 1050 μή
907 963 953 1029 ότι
972 959 1016 1042 εἷς
1035 966 1051 1030 ὁ
1072 965 1196 1042 πολίτης
1213 980 1422 1059 καταφρονεῖν,

326 1064 402 1159 μηδ’
419 1071 466 1139 ότι
482 1072 571 1149 πένης
587 1075 640 1139 καί
658 1070 770 1150 ἄδοξος
786 1075 1040 1167 ἀποστρέφεσθαι·
1063 1069 1145 1155 ἀλλ’,
1165 1076 1210 1144 ότι
1227 1079 1261 1144 τό
1278 1082 1376 1145 κοινόν
1394 1078 1425 1158 ἐξ

326 1182 478 1270 ἑκάστου,
498 1187 551 1250 καί
569 1190 657 1251 τοῦτο
674 1181 714 1256 δή
736 1182 832 1294 δῆμος
849 1184 912 1251 ἐστὶ
932 1189 965 1253 τό
982 1195 1040 1253 τῶν
1057 1187 1174 1254 πολλῶν
1193 1189 1421 1283 συμπλήρωμα,

325 1298 380 1360 καὶ
398 1296 450 1361 τόν
471 1295 634 1385 ἐλάχιστον
651 1299 788 1388 ἀγαπᾷν.
808 1301 933 1390 Εχθρας
956 1291 985 1363 δ’
1006 1294 1089 1375 ἰδίας
1105 1299 1124 1370 ή
1142 1296 1247 1391 ἐρίδων
1264 1301 1424 1368 πολιτικῶν

325 1407 416 1472 τόσον
433 1405 537 1496 ἐκείνῳ
554 1407 689 1495 μετέστω
707 1408 779 1473 ὅσον
796 1410 848 1474 καὶ
866 1416 926 1474 τῶν
940 1407 970 1475 ἐν
986 1415 1144 1501 Βρετανοῖς
1158 1410 1177 1482 ή
1191 1413 1243 1476 καί
1263 1417 1426 1504 Σαυρομά-

324 1540 394 1593 ταις
410 1521 600 1610 πραγμάτων
615 1543 645 1584 ν.

373 1621 468 1695 Ταῦτ’
485 1630 588 1721 ἔλεγε,
608 1634 660 1697 καί
684 1632 738 1702 τήν
761 1634 863 1697 αἰτίαν
884 1635 1071 1723 προςετίθει,
1097 1635 1171 1711 ώςό
1195 1635 1269 1727 πρός
1293 1632 1345 1700 ἕνα
1365 1644 1424 1701 τῶν
1521 1684 1526 1698 .

322 1739 455 1806 πολιτῶν
474 1737 628 1835 δυςχερῶς
646 1747 725 1832 ἔχων
741 1743 759 1815 ή
778 1747 830 1810 καί
847 1740 985 1836 δεύτερον
1006 1746 1081 1837 πρὸς
1097 1747 1131 1811 τό
1149 1744 1222 1837 ὑπὲρ
1239 1748 1351 1824 παντὸς
1368 1774 1425 1814 πο-

321 1850 424 1941 λεμεῖν
441 1854 476 1919 τό
493 1853 583 1946 μέρος
596 1852 857 1941 ἐλαττωθήσεται,
876 1858 929 1921 καί
946 1852 1036 1934 δείξει
1053 1855 1107 1945 μὲν
1123 1858 1278 1934 πολιτικός
1295 1858 1335 1924 ῶν
1350 1861 1424 1953 πρός

321 1965 442 2040 πάντας
461 1968 514 2030 καλ
534 1974 643 2042 κοινῶς
657 1962 840 2057 φιλόδημος,
862 1966 943 2054 ὅμως
962 1962 996 2032 δὲ
1013 1968 1088 2058 πρὸς
1105 1968 1260 2034 ὁντιναοῦν
1281 1972 1323 2045 εἰς
1342 1969 1423 2060 φιλο·

321 2076 438 2141 νεικίαν
455 2079 534 2165 έχων
551 2078 604 2142 καί
628 2073 790 2170 ἐχθρωδῶς
813 2073 1022 2166 διακείμενος,
1041 2078 1187 2155 όλοτελῶς
1204 2078 1238 2144 οὐ
1262 2080 1422 2172 προθυμη-

322 2186 466 2274 σόμενος.
902 2238 905 2243 .

371 2299 452 2389 Πρός
467 2304 586 2384 ταῦτα,
607 2296 650 2382 (τί
671 2300 733 2392 χρή
757 2299 897 2387 μηκύνειν
907 2291 936 2390 ;)
955 2301 1044 2365 τόσον
1062 2295 1250 2390 ἀπεδέχεσθε
1267 2303 1321 2373 τήν
1341 2299 1420 2386 βον-

320 2407 389 2495 λήν,
410 2408 482 2475 ὅσον
505 2411 559 2476 καί
584 2413 701 2488 πάντας
724 2408 837 2500 σχεδόν
857 2410 1123 2502 σννομολογήσαι,
1144 2413 1199 2475 καί
1219 2436 1303 2487 τινας
1328 2415 1420 2476 εἰπεῖν

320 2520 397 2612 πρός
412 2519 537 2586 ἐκεῖνον·
557 2545 575 2580 t<
597 2502 726 2611 Ᾰμέλει,
753 2525 863 2615 ῥήτωρ,
889 2523 992 2614 πρώτη
1017 2517 1188 2609 δοκιμασία
1209 2524 1372 2612 στρατείας
1400 2525 1419 2593 ή

320 2630 447 2721 γνώμη,
466 2626 503 2708 ἧς
520 2632 563 2719 μή
579 2631 737 2723 παρούσης
754 2633 844 2724 ὀρθῆς
860 2634 912 2698 καί
932 2627 1118 2719 δημοτικῆς,
1137 2633 1189 2696 καὶ
1208 2631 1418 2723 φιλανθρώπου

318 2742 396 2833 πρὸς
419 2739 550 2808 ἕκαστον
572 2745 623 2809 τόν
643 2753 697 2821 της
719 2745 852 2828 πόλεως,
873 2743 928 2811 οὐκ
945 2747 1027 2808 ἔστιν
1044 2742 1157 2809 ἐκεῖνον
1174 2741 1246 2834 ὑπὲρ
1263 2751 1322 2809 τῶν
1345 2741 1421 2808 ὅλων

320 2852 419 2943 ὀρθῶς
431 2865 610 2947 στρατηγεῖν
624 2879 655 2920 ν.

369 2957 464 3028 Ταῦτ’
489 2965 574 3057 ἔλεγε
599 2962 696 3032 τότεί.
722 2967 803 3043 Καί,
828 2963 947 3029 πολλῶν
971 2965 1217 3055 προτεινομένων,
1243 2970 1347 3030 τοῦτον
1369 2959 1420 3053 (οὐ

318 3075 381 3166 γὰρ
402 3070 441 3147 ήν
456 3075 472 3140 ό
490 3081 543 3141 τοῦ
560 3076 684 3143 πολίτου
704 3077 792 3167 φόνος
810 3066 916 3162 δήλος)
934 3082 994 3141 τῶν
1019 3075 1119 3142 ἄλλων
1139 3085 1339 3169 προετιμοῖτε,
1365 3080 1418 3143 καί

319 3186 362 3261 ὡς
380 3180 537 3274 δημοτικῷ
553 3188 605 3252 καί
624 3187 798 3277 φιλοπολίτῃ
815 3187 856 3250 τόι
868 3194 921 3261 της
935 3184 1050 3262 πόλεως
1066 3185 1275 3278 ἐνεχειρίζετε.

368 3298 430 3362 Καὶ
449 3295 537 3374 εὐθὺς
558 3300 624 3389 περί
651 3296 742 3364 αὐτὸν
760 3297 843 3362 ἅπαν
860 3297 893 3361 τό
912 3296 1063 3362 ὁπλιτικόν
1081 3293 1130 3370 ήν.
1154 3299 1232 3381 Καί,
1256 3296 1418 3388 σύνταγμα

318 3408 477 3499 γεγονότες
494 3405 538 3493 έν,
560 3405 753 3500 ἐξέρχονται,
772 3409 1044 3500 παρατόσσονται,
1064 3417 1169 3473 νικῶσι
1187 3410 1265 3494 μετὰ
1285 3416 1339 3484 τῆς
1361 3408 1418 3473 τό·

318 3542 380 3606 χης
405 3526 460 3595 τῆς
486 3518 619 3604 πολεως,
644 3517 829 3590 ἐπανήκουσι
858 3521 997 3604 νικηταί,
1026 3521 1231 3611 συγχαίρουσι
1256 3527 1292 3607 τῇ
1313 3518 1415 3604 πόλει,

320 3623 456 3695 δεικνῦσι
478 3631 519 3695 τότ
537 3630 690 3722 τρόπαια,
717 3630 852 3719 ἀριστεῖς
874 3631 960 3721 παρόι
983 3631 1102 3694 πάντων
1124 3631 1317 3720 φημίζονται.
1342 3609 1417 3695 Ιθπεί

320 3729 351 3803 δ’
367 3742 433 3815 έθος
450 3743 492 3816 είς
510 3738 562 3805 ἕνα
577 3743 787 3833 περιϊστοίναι,
806 3742 860 3804 καί
881 3741 922 3827 μή
941 3743 983 3816 εἰς
1002 3742 1138 3825 πάντας,
1159 3741 1193 3805 τό
1208 3738 1417 3832 κατορθούμε-

319 3872 382 3936 νον,
401 3854 454 3916 καί
475 3850 597 3940 μᾶλλον·
610 3852 661 3917 τόν
688 3850 759 3927 τοὺς
783 3850 894 3927 ἄλλους
917 3858 1052 3942 ἄγοντα,
1073 3854 1125 3917 καί
1151 3850 1335 3943 ἐμαρτύρουν
1355 3844 1419 3940 (δεῖ

318 3962 379 4055 γὰρ
396 3956 559 4053 ἀψευδεῖν)
580 3964 620 4027 τὰ
637 3964 740 4028 εἰκότα
756 3970 799 4050 τῷ
818 3970 999 4053 στρατηγῷ,
1021 3959 1146 4051 δέχεται
1172 3964 1225 4032 τήν
1247 3963 1417 4053 μαρτυρίαν

318 4066 441 4151 ἡπόλις
450 4120 461 4159 ,
477 4075 529 4140 καί
549 4083 585 4164 τῇ
603 4079 656 4140 τοῦ
673 4076 802 4166 κήρυκος
815 4072 940 4165 γλώσσῃ
956 4071 1073 4143 κοινήν’
1088 4073 1251 4163 ὁμολογίαν
1268 4080 1414 4135 ποιεῖται.

318 4186 378 4249 Καὶ
397 4184 414 4251 ὁ
432 4185 604 4277 στρατηγὸς
618 4186 707 4274 μόνος
724 4183 969 4274 ἀνακηρόσσεται
986 4185 1109 4258 νικητής
1126 4206 1158 4246 τε
1177 4183 1228 4246 καί
1244 4179 1397 4271 ἀριστεός.

354 4430 362 4456 ¹
376 4429 489 4480 Fortasse
499 4467 505 4489 ‚
520 4432 588 4481 ταῦτ’
599 4432 689 4493 ῖλίγιτο
707 4435 768 4481 τότε.
907 4428 916 4454 ²
927 4429 1035 4478 Meminit
1044 4428 1146 4478 fortasse
1157 4427 1349 4480 Demosthenicae
1360 4446 1417 4479 εοιι-
