3684 5659
436 608 506 680 150
772 617 806 675 Γ.
836 615 909 676 ΤΟΥ
936 613 1190 674 ΠΑΧΥΜΕΡΟΥΣ

434 752 552 840 τερίας,
571 751 623 815 καί
641 752 758 828 πάσης,
781 750 821 824 ὡς
838 752 944 833 εἰπεῖν,
963 742 1165 822 παιδεύσεως.
1186 737 1282 822 Οὗτος
1295 743 1326 812 δ’
1341 747 1372 824 ές
1385 755 1531 816 τοσοῦτον

435 862 579 938 ἀπονοίας
605 862 624 933 ἢ
648 862 854 952 κακουργίας,
881 858 900 930 ἢ
923 858 1049 949 φθόνου,
1069 864 1150 930 ή-
1166 857 1221 923 οῦκ
1242 854 1303 924 οἷδ’
1327 858 1345 925 ό
1366 885 1395 925 τι
1420 869 1535 952 φῶ-

435 971 643 1062 προελήλνθεν,
660 973 733 1049 ῶςτε
745 976 796 1036 νῦν
813 970 878 1058 ἐμοὶ
893 970 934 1045 ὡς
948 968 1086 1060 ἔγκλημα
1098 970 1243 1061 προτείνει
1259 969 1312 1040 τήν
1328 970 1530 1063 ἀποκήρυξιν,

435 1083 486 1146 καί
513 1083 572 1149 ὅσοι
595 1087 715 1176 φθάσας
737 1081 805 1149 κατ’
831 1081 963 1168 ἐμαυτοῦ
988 1078 1190 1170 ὡμολόγησα,
1218 1075 1259 1145 δι’
1279 1081 1301 1145 οί
1324 1083 1383 1149 καί.
1401 1077 1533 1162 δικαίως

436 1193 684 1288 ἀποκεκήρυγμαι
707 1196 791 1283 παρὰ
814 1197 868 1258 τοῦ
888 1191 1019 1282 πατρός,
1045 1194 1145 1255 ταῦτα
1167 1191 1326 1283 προφέρει,
1346 1193 1388 1269 ῶς
1406 1196 1533 1273 ἀπειθὴς

436 1305 494 1396 ἐγὼ
509 1305 623 1398 λέγων,
650 1307 690 1382 ὡς
713 1302 842 1388 ἐξώλης,
869 1303 909 1378 ῶς
931 1300 1026 1377 λύπης
1044 1308 1141 1377 αἴτιος
1156 1308 1200 1389 τῷ
1217 1305 1414 1393 γεννήσαντι,
1434 1305 1476 1383 ὡς
1490 1307 1531 1371 τά

436 1418 488 1482 καὶ
506 1414 574 1502 τάί,
595 1413 636 1482 δι’
654 1417 676 1480 ἀ
694 1418 746 1481 καί
764 1411 890 1491 ἀπαξιοῖ
906 1437 943 1501 με
958 1420 1016 1477 τῶν
1033 1413 1170 1477 ὁπωσοῦν
1185 1422 1353 1506 πατρικῶν.

483 1509 571 1612 Ᾰλλ’,
594 1523 620 1593 όν
643 1524 800 1613 βέλτιστε,
823 1529 848 1591 εἰ
872 1526 997 1600 ἀπειθὴς
1017 1522 1076 1616 ἐγὼ
1097 1533 1140 1612 τῷ
1159 1527 1250 1617 πατρί
1268 1529 1322 1591 καί
1346 1529 1529 1619 ἀνάγωγος,

435 1633 558 1703 δέδωκα
571 1640 627 1714 τοίς
641 1633 731 1714 δίκας
744 1634 863 1713 ἀξίας’·
881 1632 961 1712 ξένος
972 1635 1114 1727 ἐγενόμην
1126 1643 1179 1711 τῆς
1189 1638 1289 1713 οἰκίας
1300 1645 1355 1714 τῆς
1363 1646 1528 1730 πατρικῆς,

436 1744 516 1825 ξένος
539 1754 593 1814 τοῦ
615 1748 745 1840 κλήρου,
770 1747 896 1836 μισητὸς
916 1755 980 1822 τοῖς
1001 1748 1140 1830 οἰκείοις,
1164 1753 1279 1834 ἄτιμος]
1287 1758 1352 1826 τοῖς
1367 1749 1529 1834 πολίταις,

436 1859 623 1951 ἀνελεύθερος
638 1869 703 1935 τοῖς
718 1859 911 1943 ἡλικιώταις,
931 1857 1039 1942 πένης,
1059 1862 1192 1949 ἄπορος,
1212 1859 1343 1944 ἀλήτης,
1363 1859 1436 1926 καθ’
1453 1859 1530 1926 ἑαυ-

435 1970 485 2034 τὸν
500 1974 559 2045 ζῶν
575 1973 628 2035 καί
646 1971 795 2060 φροντίσιν
813 1968 868 2034 οῦκ
885 1966 1031 2057 ἐχούσαις
1047 1968 1187 2056 μηχανήν
1198 1971 1411 2061 μεριζόμενος.
1429 1944 1457 2037 fi
1473 1970 1533 2061 οὐχ

436 2081 528 2145 ἰκανά
549 2084 647 2146 ταῦτα
669 2089 712 2167 τῷ
733 2079 867 2171 προτέρῳ
891 2104 949 2167 μου
969 2075 1029 2167 βίῳ
1050 2080 1090 2144 τὰ
1110 2078 1266 2168 έπιτίμια;
1284 2081 1343 2145 Διά
1357 2087 1460 2148 ταῦτα
1477 2085 1530 2148 καί

437 2187 627 2279 ἀπεδήμουν·
646 2187 700 2256 διά
710 2197 808 2256 ταῦτα
820 2192 872 2256 καὶ
884 2200 925 2282 γῇ
936 2193 988 2256 καί
1005 2189 1145 2280 θαλάσση
1156 2200 1329 2282 προςείχον,
1341 2193 1384 2281 ῶς
1397 2193 1435 2257 ἀν
1448 2195 1548 2285 ἀγω-
1566 2200 1570 2206 ’

437 2304 595 2390 νισάμενος
607 2304 660 2374 τήν
676 2303 825 2394 πατρικήν
843 2301 1081 2389 ἀνακαλέσωμαι
1096 2303 1226 2401 εὔνοιαν,
1243 2302 1284 2378 ῶς
1296 2303 1334 2367 ἂν
1348 2299 1532 2380 σπουδάσας

434 2412 610 2486 πλουτήσω·
630 2416 689 2481 κάν
704 2423 748 2502 τῷ
771 2416 861 2507 πατρί
880 2413 1109 2505 παρακατέχειν
1134 2416 1177 2478 ἔτι
1196 2409 1284 2478 δοκοῖ
1299 2413 1353 2484 τήν
1371 2413 1532 2505 όργηντήν

435 2523 507 2611 ἐμήν
523 2527 696 2619 προαίρεσιν
715 2521 928 2613 δοκιμάζοντι,
948 2521 1014 2601 ἐξῆν
1031 2549 1083 2612 μοι
1099 2529 1153 2614 ζῇν
1169 2524 1202 2589 ἐκ
1219 2533 1278 2590 τῶν
1295 2523 1451 2612 ἐμαυτοῦ,
1472 2551 1534 2613 μη-

435 2630 485 2700 δὲν
502 2638 543 2711 εἰς
560 2632 644 2713 ξένας
661 2647 768 2728 χεῖρας
786 2635 830 2728 ἐφ’
848 2629 893 2711 οἷς
911 2637 1045 2720 ζήσομαι
1061 2631 1216 2720 βλέποντι.
1236 2626 1334 2712 Οὗτος
1350 2635 1367 2700 ὃ
1383 2635 1532 2728 λογισμὸς

434 2749 540 2835 καλιῇ
559 2748 698 2837 θαλάσσῃ
716 2751 825 2839 ῥιπτεῖ.
845 2748 903 2811 Καί
919 2750 993 2811 ναῦν
1009 2743 1102 2837 εὑρὼν
1119 2745 1282 2812 ἐπιθαίνω*
1304 2747 1357 2811 καί
1376 2745 1462 2824 όσοις
1477 2744 1532 2836 μὲν

434 2863 550 2946 πρῶτον
568 2855 712 2947 ἐνέκυρσα
729 2867 792 2933 τοῖς
809 2852 917 2930 δεινοῖς
936 2857 982 2931 τίς
999 2857 1036 2920 ἀν
1055 2853 1182 2931 ἐξίκοιτο
1199 2855 1305 2947 λόγος;

483 2969 531 3039 Μή
548 2970 607 3059 γάρ
626 2967 671 3033 ότι
693 2968 845 3056 ἐπιμείνας
866 2968 1087 3058 περιεγενόμην,
1107 2970 1264 3033 τοῦτοκαὶ
1283 2969 1373 3056 μόνον
1390 2966 1529 3059 λογίζου.

435 3059 508 3144 Ᾰλλ’
523 3078 621 3143 ἐννοοῦ
635 3081 687 3144 καὶ
701 3080 740 3143 τὰ
754 3078 903 3170 πρότερα,
920 3079 972 3142 καί
988 3079 1130 3143 ἀντιτίθει
1143 3088 1207 3155 τοῖς
1224 3078 1360 3166 συμθᾶσι
1377 3078 1528 3156 τὸτέλος·

435 3191 488 3254 καί
504 3187 598 3265 ούτως
612 3189 683 3277 ἐμοῦ
702 3185 739 3260 δή
754 3190 806 3254 καί
820 3190 924 3276 μόνον,
943 3189 983 3263 ὡς
997 3191 1049 3253 καί
1065 3191 1156 3277 μόνου
1169 3186 1363 3277 παμπληθὲς8
1379 3189 1533 3262 ἀθλήσαν-

436 3326 502 3385 τος,
527 3310 635 3393 κρινεῖς
657 3302 697 3376 ῶς
718 3299 810 3392 γέρας
830 3301 883 3371 τήν
900 3304 985 3364 ναῦν.
1005 3300 1116 3366 Πολλοί
1130 3325 1207 3378 τινες
1223 3301 1384 3393 τρέχουσιν
1401 3301 1431 3367 ἐν
1448 3327 1531 3368 στοι-

436 3407 512 3501 δίιρ,
535 3411 602 3477 ἀλλ’
626 3411 667 3478 ἑνί
688 3436 745 3477 τινι
765 3413 798 3477 τὸ
819 3409 962 3504 βραθείον
981 3412 1243 3503 ἀποκεκλήρωται.
1269 3415 1328 3478 Καὶ
1356 3414 1371 3477 ὁ
1392 3413 1532 3490 τὸτέλος

436 3525 523 3611 μόνον
544 3533 663 3590 σκοπῶν
685 3524 780 3615 τύχης
799 3526 946 3615 ἀποφανεῖ
966 3523 999 3587 τό
1022 3522 1115 3616 γέρας
1137 3521 1278 3617 ἕρμαιον,
1303 3524 1318 3589 ό
1342 3520 1378 3590 δέ
1398 3525 1456 3617 πρὸ
1477 3530 1531 3591 τοῦ

435 3633 538 3710 τέλους
560 3630 790 3723 διανοούμενος,
815 3635 925 3710 ἐκεῖνος
950 3630 1014 3700 οἶδε
1036 3637 1088 3700 καί
1116 3637 1205 3701 πόνον
1226 3630 1328 3703 ποδῶν
1356 3639 1410 3701 καί
1435 3633 1532 3726 βάρος

437 3739 535 3828 ἰξύας,
561 3747 613 3809 καί
642 3755 780 3834 συνεχεῖς
808 3741 940 3836 ἱδρῶτας
949 3790 973 3829 ,.
984 3747 1036 3810 καί
1064 3747 1205 3834 σώματος
1228 3745 1298 3812 ὅλου
1322 3748 1449 3829 τάσεις,
1475 3749 1529 3813 καί

436 3856 586 3944 ἀγωνίας,
616 3860 656 3943 μή
680 3881 743 3932 πως
769 3856 788 3926 ή
817 3855 944 3920 ὀλισθὼν
967 3859 1216 3948 παραθρανσθείη
1242 3861 1293 3924 καί
1323 3861 1532 3946 συμπατηθείς

420 3965 552 4051 »όλοιτο,
580 3966 599 4038 ή
622 3967 720 4033 πολλοί
741 3968 846 4055 καμὼν
873 3966 958 4044 τέλος
981 3967 1129 4056 αἰσχύνην
1155 3972 1330 4034 ἀποέσαιτο.
1357 3967 1453 4035 Ταῦθ’
1474 3967 1532 4062 όρα

436 4080 487 4142 καί
508 4078 554 4144 ἐπ’
576 4079 656 4168 ἐμοί.
679 4081 737 4150 Τήν
755 4084 827 4145 ναῦν
846 4079 936 4172 όρᾷς;
961 4080 1040 4145 ἀλλά
1065 4079 1191 4172 πρόςεχε
1210 4083 1261 4145 καί
1280 4090 1344 4156 τοῖς
1365 4083 1467 4157 πόνοις
1485 4074 1532 4156 οἷς

437 4189 610 4278 ἐκτησάμην
628 4190 739 4264 ταύτην
755 4193 805 4257 τόν
822 4197 902 4257 νοῦν.

471 4373 478 4398 ¹
491 4381 527 4422 Τὰ
541 4380 580 4421 καί
593 4374 634 4437 τά]
650 4375 685 4422 sic
696 4383 723 4425 τὸ
738 4383 815 4427 καὶτὸ
831 4386 876 4427 τῶν
894 4387 968 4427 κακῶν
1030 4375 1039 4400 ’
1053 4376 1105 4425 Non
1115 4376 1187 4426 debui
1199 4386 1292 4426 mutare
1302 4379 1371 4436 ἀξίας
1381 4393 1407 4442 p.
1420 4378 1459 4438 14,
1470 4392 1494 4426 n.
1503 4378 1528 4425 2.

439 4451 474 4501 bis
484 4468 510 4516 p.
527 4453 588 4512 103;
603 4467 698 4502 necnon
712 4453 782 4503 infra.
1031 4454 1040 4480 ³
1052 4454 1201 4521 Παμπληθές]
1217 4456 1271 4506 vide
1282 4471 1307 4522 p.
1319 4457 1349 4504 84
1359 4494 1365 4519 ,
1377 4473 1403 4506 π.
1417 4458 1441 4506 2.
