3684 5659
812 607 970 670 ΜΕΛΕΤΗ
995 599 1031 670 l'.
1396 608 1467 679 205

373 738 587 834 παράδειγμα.
605 718 716 807 Ιλθελον
729 739 782 828 μἐν
796 742 848 806 καί
864 742 913 806 τόν
929 743 1038 833 τρόπον
1055 743 1236 830 μεταθαλεῖν
1253 747 1305 810 καὶ
1324 750 1468 835 κοσμίους

373 844 515 944 γενέσθαι
529 857 632 929 ποίσας
646 849 756 940 ἡμᾶςθ,
772 855 812 929 ὡς
830 854 866 918 ἂν
881 852 942 944 ἐγὼ
957 853 1022 940 μέν,
1039 855 1096 918 κοίν
1113 857 1269 947 ἀφῄρημαι
1284 857 1323 920 rot
1334 861 1465 948 χρυσία,

373 962 441 1029 ἀλλ’
460 956 512 1028 οὖν
531 962 560 1028 ἐν
577 973 648 1053 τιμῇ
665 965 698 1028 τό
718 965 820 1030 λοιπόν
838 969 925 1049 ἔζων,
946 966 997 1029 καί
1016 965 1177 1052 ἠλεοόμην,
1198 966 1252 1031 οὐκ
1270 966 1466 1058 ε’στυγούμην,

373 1073 411 1139 όιν
426 1081 542 1165 ἄπορος
558 1070 607 1160 ἦν,
624 1073 692 1139 ἀλλ’
709 1072 810 1162 ὑμεῖς,
829 1081 857 1138 εί
870 1098 928 1139 που
943 1073 1088 1145 κέκτησθε
1106 1077 1157 1139 καί
1176 1080 1310 1167 χρυσία,
1331 1079 1382 1142 καί
1400 1077 1470 1142 roti-

373 1208 435 1295 τρις
454 1185 618 1260 ἀκωλύτως
636 1185 764 1276 ἐχροῖσθ’
783 1186 819 1250 ἂν
837 1185 958 1272 σόναμα
976 1195 1038 1261 τοῖς
1060 1186 1119 1250 ἀπὸ
1142 1194 1195 1261 τῆς
1216 1196 1303 1274 τιμῆς
1324 1191 1467 1279 ἀγαθοῖς.

373 1298 447 1361 Επεί
463 1292 498 1360 δὲ
512 1302 565 1360 τοῦ
579 1299 695 1374 πάθους
708 1300 827 1372 ἥττονες
843 1306 1016 1387 γεγονυῖαι,
1037 1300 1121 1372 ἔθους
1138 1301 1292 1388 χειρίστου
1311 1294 1470 1374 δοκοῦντος

373 1403 527 1493 ἑάλωμεν,
554 1407 606 1471 καί
629 1410 671 1473 ἔτι
693 1407 863 1498 προςμένειν
885 1415 953 1481 ταῖς
971 1402 1095 1481 ἡδοναῖς
1117 1407 1299 1498 ὀρεγόμεθα,
1320 1431 1469 1498 σωφρονι-

373 1514 476 1581 στέον’
499 1515 568 1581 ἀλλ’
592 1515 661 1604 ὑμῖν
683 1518 774 1599 τέως,
798 1515 841 1607 ἐφ’
866 1509 890 1602 ᾧ
912 1520 1050 1607 χρυσίοις
1068 1518 1109 1604 μη
1129 1517 1386 1593 καλλωπίζεσθαι.
1406 1519 1470 1584 Κᾶν

373 1627 559 1717 ἀπείργησθε
575 1635 681 1692 κοινῶν
702 1626 870 1716 συλλόγων,
895 1629 938 1701 εἰς
957 1627 991 1691 τό
1015 1629 1175 1712 μανθάνειν
1190 1629 1230 1691 τὰ
1247 1628 1360 1715 νόμιμα
1377 1627 1469 1698 ἄλλην

372 1736 414 1823 μή
434 1741 551 1813 ζητεῖτε
568 1737 641 1829 παρ’
660 1734 711 1824 ε’μὲ
728 1737 780 1806 τὴν
798 1732 1000 1820 θιθοίσκαλον,
1023 1738 1064 1824 μή
1086 1739 1174 1824 μόνον
1197 1741 1400 1824 ζημιωθεῖσαν
1420 1738 1469 1802 τόν

372 1847 489 1935 κόσμον
511 1847 545 1913 ἑκ
561 1853 614 1913 τοῦ
638 1844 726 1924 θόξαι
743 1855 801 1912 τῶν
817 1848 914 1933 νόμων
932 1859 1141 1939 καταφρονεῖν,
1163 1849 1242 1913 ἀλλὰ
1262 1851 1313 1913 καί
1334 1851 1399 1940 περί
1417 1849 1469 1918 τήν

372 1956 543 2050 ἐλευθερίαν
555 1957 648 2028 αὐτὴν
660 1963 713 2023 τοῦ
728 1959 870 2046 σώματος
883 1954 1122 2024 κινθυνεύσασαν
1137 1959 1221 2047 μάλα
1240 1955 1366 2047 σχεθόν,
1386 1962 1411 2023 εἰ
1428 1960 1469 2046 μή

371 2068 588 2160 φιλανθρώπων
602 2065 752 2159 ἐξηγητῶν
767 2070 878 2156 νόμιον,
898 2077 957 2134 τῶν
972 2065 1139 2154 θικαστών,
1154 2074 1274 2158 ἔτυχον.
1289 2069 1384 2160 Μέχρι
1401 2069 1471 2134 τού-

371 2204 426 2245 του
443 2176 549 2246 Λαῖθα
565 2182 745 2268 μιμώμεθα,
768 2181 805 2245 ἂν
828 2182 870 2267 μη
896 2180 970 2254 τέως
996 2177 1153 2267 δυνώμεθα
1175 2189 1353 2272 σωφρονεῖν,
1379 2179 1469 2272 μέχρι

372 2293 425 2357 καὶ
448 2296 502 2357 τοῦ
520 2290 650 2366 κάλλους
668 2289 889 2378 ἐπιμελεῖσθαι,
913 2293 965 2355 καί
990 2292 1023 2355 τὸ
1046 2290 1227 2356 ἐπίπλαστον
1253 2294 1390 2380 ἀγαπᾷν,
1416 2294 1468 2354 καί

373 2400 505 2492 ἐραστὰς
526 2399 738 2491 ἐπισύρεσθαι·
766 2401 800 2465 τό
828 2397 860 2465 θὲ
888 2402 939 2464 καί
967 2402 1106 2490 χρυσίοις
1126 2399 1371 2474 καλλωπίζεσθαι
1394 2400 1468 2488 μόνη

372 2520 607 2604 παραχωρῶμεν
620 2520 657 2602 τῇ
670 2515 833 2604 Κορινθίᾳ,
853 2511 898 2578 ότι
913 2513 965 2576 καί
984 2512 1073 2598 νόμος
1089 2506 1187 2584 οὐθείς
1202 2510 1342 2600 ἀπεῖργεν
1357 2509 1468 2580 ἐκείνην

371 2625 457 2715 παρὰ
479 2625 647 2715 Κορινθίοις
671 2625 817 2710 κείμενος.
844 2603 937 2710 Ιίμεῖς
964 2618 1017 2706 (λε’,
1040 2619 1107 2685 ἀλλ’
1132 2616 1255 2684 ἰδοῦσαι
1278 2621 1327 2684 τόν
1347 2618 1416 2706 ε’μὸν
1439 2620 1469 2695 ἐς

372 2734 483 2801 ὁπόσον
503 2733 616 2826 προέθη
634 2730 782 2817 κίνδυνον,
803 2736 922 2825 χαίρειν
940 2732 1008 2797 εὀῖτε
1025 2733 1157 2823 χρυσία,
1177 2732 1229 2795 καὶ
1244 2731 1278 2795 τὸ
1293 2727 1334 2795 δι’
1352 2729 1469 2795 ἐκείνων

372 3028 462 3089 λαγωὸν
474 3035 549 3096 Διφᾷ,
565 3033 605 3076 καί
620 3032 696 3084 πάσης
710 3027 776 3089 ίχνιοι
795 3025 907 3092 δορκαλί-
934 3022 1004 3086 logo‚
1015 3037 1041 3086 p.
1052 3022 1099 3069 264
1115 3040 1120 3070 :
1134 3021 1159 3071 οὗ
1169 3026 1237 3071 καλὸν
1247 3021 1274 3078 ἦν
1283 3027 1339 3086 ἡμῖν
1350 3028 1389 3070 καί
1398 3021 1469 3078 όσιον,

373 3106 421 3164 θος.
430 3106 511 3170 Atque
520 3104 662 3157 nfirto'olim
673 3118 830 3168 receperam,
842 3101 908 3166 quod
934 3106 965 3158 ὡς
973 3107 1013 3150 καί
1025 3103 1078 3165 ἐμοὶ
1089 3101 1153 3159 ἔδοξε
1162 3107 1202 3150 καί
1213 3110 1284 3157 πᾶσι,
1298 3105 1470 3168 προαποθανεῖν

371 3199 437 3235 nunc
456 3183 528 3234 valde
545 3184 668 3250 displicet.
685 3181 816 3247 proposuit
831 3181 867 3229 vit·
881 3179 906 3228 d.
934 3183 1121 3236 ῆσυνοιποθανεῖν
1128 3189 1161 3246 τῷ
1169 3178 1386 3242 πτώματαῦοθθτ
1397 3182 1404 3224 1
1414 3179 1470 3236 139,

373 3271 457 3317 τοῖσιν,
480 3259 594 3311 debilius.
618 3262 746 3325 Propono,
770 3262 785 3315 ἣ
809 3264 848 3307 καὶ
869 3262 908 3306 σὺν
934 3259 974 3323 qui
1002 3258 1082 3306 Psello
1110 3257 1174 3306 hauc
1199 3257 1337 3313 Monodiam
1365 3257 1468 3308 tribuit:

372 3341 437 3400 ato„
449 3339 538 3390 litteris
549 3340 647 3390 mutatis
660 3337 773 3404 quidem,
786 3352 847 3386 nono
857 3337 908 3386 tere
989 3337 1086 3399 ὑμῖν....
1101 3341 1261 3387 συνθανεῖν...
1275 3358 1299 3386 τι
1309 3360 1314 3394 ;
1326 3336 1386 3386 inde
1401 3352 1470 3385 sum-

372 3418 472 3469 undem.
935 3415 1007 3463 serim
1024 3414 1079 3478 ὑμῖν
1094 3424 1118 3462 et
1132 3414 1357 3477 interrogationem.
1377 3413 1470 3462 Omissa

406 3496 512 3548 *Codex
531 3496 591 3546 duas
609 3495 696 3546 miscet
711 3495 831 3546 lectiones
849 3494 909 3557 ὑμᾶς
935 3493 980 3542 fuit
992 3494 1074 3542 ἀπόίιι
1086 3496 1261 3549 συναποθανεῖν,
1273 3490 1470 3555 frequentissimo

372 3581 450 3641 ἡμᾶς,
462 3576 568 3632 litteren
583 3575 671 3625 litteroe
686 3574 836 3639 oinscripta.
851 3574 909 3634 Quae
934 3570 959 3619 in
974 3571 1054 3620 verbis
1067 3570 1208 3634 compositis
1224 3568 1324 3618 mondo.
1340 3567 1469 3626 Libanus,

371 3656 519 3719 pronomina
528 3654 618 3721 passim
627 3664 810 3719 permutantur;
821 3667 909 3716 magno
936 3659 954 3699 t.
971 3649 1011 3708 tt,
1023 3665 1049 3714 p.
1063 3651 1106 3697 tut
1119 3668 1124 3697 :
1136 3650 1220 3698 ἔπειτα
1234 3653 1304 3716 ἤρετο·
1314 3667 1344 3712 με
1354 3651 1374 3698 εἰ
1386 3651 1471 3697 καθεύ-

372 3732 521 3783 doenmento
533 3748 581 3782 non
595 3732 652 3782 oiim
663 3731 750 3782 eodem
765 3747 827 3780 sono
838 3740 910 3779 vote·
935 3731 1011 3793 δοιμι.
1026 3728 1124 3789 Codex,
1142 3729 1217 3777 ἔπειτ’
1230 3728 1326 3795 ἀνήρετό
1338 3746 1368 3791 με
1371 3761 1424 3776 .....
1427 3725 1471 3774 Ni-

371 3827 416 3869 reo¹
431 3811 628 3878 pronuntiavisse
647 3811 745 3861 vocales
765 3833 779 3867 η
801 3829 824 3859 υ.
847 3807 909 3870 Quid
934 3807 1056 3871 cephorus
1073 3805 1195 3871 (ἔτεμνον
1207 3806 1334 3856 Florentio
1348 3805 1470 3854 Iahnianae

373 3889 439 3940 enim
461 3889 649 3940 discernendum
672 3889 764 3952 magis,
784 3903 814 3937 ac
837 3903 864 3937 re
885 3897 910 3937 et
936 3903 960 3949 p.
975 3887 1043 3934 520:
1060 3894 1117 3954 πρὸς
1134 3894 1161 3936 τὸ
1180 3898 1253 3950 μῆκος
1273 3889 1410 3935 ἁποθλέπων
1430 3895 1471 3940 τῆς

373 3966 455 4019 verbis
468 3967 545 4033 magis
553 3967 728 4032 separandum,
739 3983 812 4033 quam
826 3981 907 4015 «vos»
934 3969 985 4023 ἑξῆς
997 3967 1131 4028 διηγήσεως.
1145 3964 1229 4015 Codex
1239 3966 1303 4012 2292
1313 3983 1319 4011 z
1330 3973 1371 4019 τῆς
1381 3966 1469 4029 ἐφεξῆς.

372 4056 399 4096 et
412 4064 425 4090 ι
433 4062 479 4097 noe
489 4064 515 4107 υ,-
528 4064 540 4091 «
555 4058 661 4097 vestrum
673 4063 684 4091 ν
696 4055 721 4095 et
733 4054 864 4094 «nostrum
876 4047 910 4093 »ί
967 4042 1030 4092 ’sto
1048 4044 1136 4093 codex.
1156 4043 1206 4092 Sed
1223 4053 1282 4107 puto
1300 4039 1469 4104 corrigendum

372 4123 411 4174 Ab
424 4123 473 4174 hoe
490 4125 645 4176 incommodo
662 4125 707 4175 sibi
728 4133 816 4175 cavent
835 4122 909 4174 hodio
934 4128 1101 4190 σωφρονητέον.
1119 4121 1203 4170 Fuisse
1215 4120 1282 4183 prius
1297 4118 1414 4182 scriptum
1430 4117 1471 4164 vi-

372 4201 467 4267 Graeci,
488 4205 565 4269 ῖμεῐς,
586 4207 658 4264 ἓσιῖς,
681 4205 754 4260 ἰδικός
773 4222 831 4267 μου,
853 4221 906 4259 σου,
934 4200 1005 4249 detur
1029 4204 1193 4266 σωγρονιτέον,
1221 4195 1346 4245 iotacismo
1372 4195 1470 4244 vocales

372 4302 435 4346 μοις,
446 4302 503 4342 σας,
521 4281 646 4342 dicentes,
664 4293 689 4332 et
700 4297 713 4331 a
724 4279 909 4346 pronominibus
934 4276 1113 4336 confundente,
1130 4286 1181 4325 turn
1193 4275 1256 4324 maie
1271 4283 1409 4324 correctum
1420 4296 1471 4324 σω·

373 4361 479 4426 antiquio
487 4359 639 4410 abstinentes
648 4359 799 4425 pierumque.
816 4358 908 4407 Proco—
934 4361 1075 4425 ρρονιστέον.
1088 4353 1137 4404 Sed
1157 4364 1213 4404 sunt
1236 4353 1347 4418 graviora
1364 4354 1468 4413 menda,

372 4439 428 4503 pius
439 4438 540 4491 Gazaeuo
551 4437 700 4490 Monodia'in
717 4437 818 4487 Yriartae
832 4437 908 4488 Cata·
934 4451 988 4500 (μου
1002 4433 1080 4484 codex
1093 4432 1154 4484 oliuo
1163 4432 1242 4484 forsan
1254 4433 1367 4498 corriget.
