3684 5659
452 589 522 660 400
789 596 823 654 Γ.
852 594 927 655 ΤΟΥ
952 592 1208 655 ΠΑΧΥΜΕΡΟΥΣ

498 709 572 796 Ᾰλλ’
591 714 704 810 ούτος1,
724 725 819 818 ὥςπερ
837 729 862 791 εἰ
880 728 997 817 ἀγνοῶν
1013 728 1052 791 τὰ
1069 727 1151 791 κατὰ
1168 727 1282 813 κόσμον
1301 719 1354 808 ήν,
1375 728 1428 800 καὶ
1450 723 1544 814 μηδὲν

451 836 540 915 εἰδὼς
564 846 622 905 τῶν
646 840 851 929 πραγμάτων,
871 834 945 925 μηδ’
964 837 993 901 ἐν
1011 846 1048 926 τῇ
1064 837 1149 903 πόλει
1172 840 1312 930 τραφείς,
1333 835 1401 902 ἀλλ’
1419 830 1462 902 εἷ’
1483 839 1543 904 ἀπὸ

451 947 540 1042 δρυὸς
554 949 573 1020 ή
587 949 647 1014 ἀπὸ
660 948 769 1039 πέτρης
784 944 850 1034 ήνθ,
869 946 946 1013 ούτω
963 951 1086 1039 συνάγει
1105 950 1145 1013 τὰ
1163 945 1331 1031 διεστῶτα,
1350 950 1403 1013 καὶ
1422 949 1476 1020 τήν
1493 954 1544 1014 νῦν

451 1056 536 1125 δόσιν
553 1060 627 1151 πρὸς
644 1060 694 1124 τὸν
712 1060 778 1130 τότε
797 1058 1014 1150 ἐπαναστρέρει
1030 1060 1149 1152 καιρόν,
1168 1060 1220 1124 καὶ
1238 1061 1278 1123 τὰ
1293 1057 1455 1125 ἀσύυαπτα
1472 1061 1545 1127 συλ-

449 1171 628 1263 λογίζεται,
657 1172 711 1236 κατ’
723 1217 732 1254 ,
761 1169 806 1235 ὅτι
833 1165 949 1236 δέδωκε
972 1175 1022 1235 νῦν
1048 1171 1065 1235 ὁ
1093 1167 1189 1258 δήμος
1213 1172 1397 1256 ζητήσαντι,
1427 1167 1543 1238 δέδωκε

449 1277 548 1371 λέγει”
565 1283 616 1346 καλ
640 1281 682 1368 μή
700 1283 881 1366 ζητήσαντι,
904 1281 959 1345 καὶ
977 1276 1074 1368 μηδὲν
1089 1276 1243 1372 διαφέρειν
1258 1281 1316 1344 κᾶν
1331 1281 1399 1346 τότε
1417 1281 1476 1346 κᾶν
1493 1286 1543 1346 νῦν

451 1394 654 1482 ἰσχυρίζεται.

500 1502 547 1569 Ού
564 1498 716 1596 διαρέρει“
737 1506 771 1569 τὸ
794 1504 860 1569 τότε
882 1503 957 1596 πρὸς
978 1503 1013 1568 τὸ
1035 1507 1103 1587 νῦν;
1127 1509 1189 1568 εἵπε
1207 1527 1273 1590 μοι.
1293 1501 1338 1569 Ού
1355 1498 1491 1595 διαφέρει
1509 1503 1543 1569 τὸ

451 1608 567 1705 δωρεὰν
591 1609 717 1679 εἶναιτὸ
734 1622 863 1705 πρᾶγμα
886 1614 939 1678 καλ
963 1613 997 1678 τὸ
1019 1613 1076 1683 σήν
1096 1611 1214 1686 Θέλησιν
1230 1609 1356 1700 μόνου“;
1376 1611 1414 1678 σὺ
1432 1607 1467 1678 δὲ
1489 1613 1541 1678 καὶ

451 1721 529 1799 ἐςαεὶ
547 1727 768 1817 στρατηγήσεις
782 1725 897 1809 λοιπόν,
913 1720 996 1800 οἵπαξ
1013 1729 1066 1789 τοῦ
1081 1720 1179 1811 δήμου
1193 1720 1314 1809 δόντος,
1330 1725 1433 1816 φανεὶς
1446 1748 1543 1817 στρα-

450 1837 559 1926 τηγός;
580 1838 632 1901 καὶ
653 1835 699 1902 ὅτι
716 1836 782 1900 τότε
802 1831 917 1901 δέδωκε
935 1846 1129 1928 στρατηγεῖν,
1150 1839 1203 1902 κοιλ
1223 1842 1273 1901 νῦν
1289 1839 1432 1929 ἰσχυρίζῃ
1446 1839 1544 1909 καθη·

450 1950 572 2036 γεῑσθαι
599 1952 652 2012 τοῦ
677 1946 822 2039 ήμετέρον
847 1953 978 2039 στρατοῦ
1000 1951 1052 2013 καὶ
1073 1950 1221 2030 πάντοτε,
1242 1951 1268 2013 εἰ
1286 1944 1321 2014 δὲ
1338 1945 1461 2033 βούλει,
1481 1946 1543 2015 ὄπ’

450 2058 633 2149 ήρίστευσας
650 2064 719 2144 νῦν,
744 2067 797 2135 τής
816 2058 931 2147 τύχης,
951 2059 1005 2124 ουκ
1023 2055 1095 2125 οἶδα
1112 2067 1171 2125 εἴτε
1189 2068 1243 2137 τής
1261 2067 1317 2135 σής
1333 2066 1392 2125 εἴτε
1410 2069 1465 2136 τῆς
1482 2062 1542 2126 πό·

451 2165 553 2252 λεωςδ,
574 2165 670 2262 δῶρον
687 2169 801 2254 λαύών,
821 2167 933 2255 βίασαι
949 2172 1001 2235 καὶ
1020 2171 1191 2263 στρατηγὸς
1210 2167 1288 2236 εἶναι
1307 2173 1374 2236 τότε
1397 2173 1451 2237 καὶ
1470 2173 1542 2264 ἀρι-

452 2279 555 2362 στεύς,
576 2279 624 2345 ὅτε
642 2275 736 2368 μηδὲν
752 2289 810 2346 τῶν
826 2280 968 2346 τοιούτων
983 2277 1036 2357 ής9
1053 2278 1182 2371 μηδενὸς
1198 2279 1390 2370 ἀξιούμενος;

499 2366 577 2479 Ιλχει
589 2392 629 2454 τὰ
640 2392 740 2456 πάντα
753 2392 870 2482 καιρόν,
887 2387 1043 2477 βέλτιστε,
1064 2394 1117 2458 καὶ
1135 2401 1172 2482 τῇ
1190 2391 1289 2482 τύχη,
1307 2394 1360 2458 καὶ
1375 2401 1419 2481 τῷ
1433 2389 1539 2483 δήμω,

451 2503 503 2565 καὶ
526 2511 590 2577 τοῖς
613 2505 704 2579 θεοῖς.
722 2504 781 2567 Καὶ
807 2512 972 2595 στρατηγεῖ
993 2502 1047 2590 μέν
1069 2527 1134 2588 τις,
1161 2495 1246 2590 ᾧδή
1270 2505 1323 2568 καλ
1349 2503 1398 2570 ὅτε
1420 2500 1542 2571 διδοῦσι

453 2614 515 2677 9εοί
525 2629 532 2644 ·
553 2613 702 2705 ἀριστεύει
721 2610 772 2699 δέ,
792 2613 840 2679 ὅτε
856 2612 936 2703 τύχη
952 2613 1100 2706 παρέχει,
1118 2616 1171 2680 καὶ
1189 2613 1244 2680 οὐκ
1262 2616 1324 2680 ἀεί.
1342 2620 1491 2708 Δωρεῖτατ
1509 2612 1544 2682 δὲ

451 2724 502 2787 καὶ
522 2719 634 2810 δήμος,
656 2723 704 2788 ὅτε
721 2727 740 2795 ή
758 2726 849 2816 χοίρις
866 2733 902 2814 τῇ
920 2724 1004 2789 πόλει
1026 2719 1176 2816 πρόδηλος
1198 2733 1295 2791 κεῖται
1312 2727 1364 2790 καὶ
1382 2727 1437 2798 τήν
1453 2728 1541 2814 ἀντί-

451 2856 542 2924 χαριν
559 2835 694 2899 ἀπαιτεῖ.
713 2837 749 2898 Εἰ
768 2830 801 2898 δὲ
819 2832 943 2923 καιρούς
960 2831 1128 2924 συγχέετςιῗ
1143 2835 1195 2900 καὶ
1213 2837 1253 2900 τὰ
1269 2837 1438 2927 πράγματα
1456 2837 1542 2928 στρέ-

451 2966 531 3033 φεις,
552 2944 608 3035 ὅρα
625 2945 734 3032 μήκαὶ
753 2945 866 3032 μᾶλλον
883 2944 1013 3010 ἐντεῦθεν
1031 2946 1221 3036 ὁμολογήσῃς
1238 2946 1283 3012 ὅτι
1301 2943 1432 3024 δικαίως
1446 2974 1543 3021 κατη-

451 3064 544 3146 γορῇ,
569 3058 640 3139 κατ’,
661 3055 705 3122 ὅτι
732 3055 834 3147 φονεύς
856 3053 940 3132 οἵπαξ
956 3044 1079 3148 ἐγένου,
1106 3056 1160 3123 οὐκ
1182 3054 1209 3122 εἷ
1234 3058 1402 3146 λαμύάνειν
1422 3055 1542 3136 δίκαιος

452 3163 581 3258 δωρεάν,
612 3168 669 3232 κᾶν
693 3175 870 3260 στρατηγῶν
899 3169 1082 3258 ήρίστευσας
1111 3164 1246 3258 ύστερον.
1275 3171 1334 3233 Καὶ
1363 3172 1394 3235 τί
1419 3170 1539 3256 λοιπόν,

449 3411 490 3448 τας
501 3387 698 3455 ὅπλοιςΎγιιίης.
713 3389 748 3440 ibi
765 3388 861 3440 Jacobs.
874 3389 982 3441 inAna·
1007 3391 1113 3442 Plurima
1130 3393 1244 3443 annotavi
1259 3393 1292 3445 sd
1308 3395 1418 3446 Nicetsm
1435 3397 1498 3464 Eug.
1513 3402 1541 3461 i,

450 3470 527 3520 lectis.
546 3472 665 3522 Isocrates
682 3470 781 3520 Archid.
804 3471 835 3518 42
853 3490 859 3520 ι
878 3471 981 3534 ἀναμνή-
1007 3471 1070 3531 342,
1091 3471 1122 3520 ad
1140 3471 1277 3523 Chiunnum
1297 3472 1322 3522 in
1344 3474 1439 3525 Anecu.
1455 3476 1540 3540 Novis,

449 3554 518 3606 σθητε
529 3560 574 3600 τῶν
584 3554 744 3618 προγόνων...
759 3546 796 3606 οὓς
805 3568 917 3618 φασιν...
928 3556 981 3617 πρό·
1005 3564 1031 3613 p.
1045 3551 1101 3599 147.

450 3647 519 3678 παιον
541 3640 626 3686 στῆσαι
646 3632 735 3678 πολλῶν
760 3630 889 3696 μυριάδων.
912 3628 981 3679 Plato
1041 3626 1247 3693 ‘Codexdisou

449 3705 545 3756 Menex.
563 3709 591 3756 10
604 3726 609 3755 :
622 3715 748 3765 στήσαντες
757 3714 860 3776 τρόπαια
869 3719 915 3758 τῶν
922 3716 982 3777 βαρ-
1041 3706 1155 3758 ‘Schola
1170 3709 1230 3778 ὅρος.

450 3789 538 3853 Θήρων.
549 3783 583 3834 lbi
595 3785 701 3835 Gouleb.
718 3786 811 3838 Indice.
822 3787 902 3837 Monui
916 3799 940 3838 θλ
950 3788 981 3838 ad
1041 3785 1104 3844 οΣήν
1122 3792 1211 3845 θέλησιν
1227 3788 1307 3854 μόνον]
1330 3805 1375 3855 pro
1394 3796 1434 3840 σοῦ
1452 3795 1542 3849 θύληστυ

449 3863 561 3913 λτίεῑτειι.
580 3867 605 3923 1,
622 3866 661 3925 ί7,
675 3862 767 3928 iiiii).
1006 3870 1086 3929 μόνον.
1104 3865 1217 3931 Syuiaxis
1236 3867 1322 3918 eadem
1341 3869 1365 3918 in
1385 3868 1470 3927 Ρλυτυ,
1485 3872 1539 3920 93τ

484 3941 492 3966 ⁴
503 3941 598 3991 Schol.:
611 3947 769 4007 συλλογισμός.
1007 3953 1047 3996 τὸν
1058 3947 1113 4009 ἐμὸν
1124 3953 1166 3996 τοῦ
1175 3950 1327 4014 ταλαιπώρου
1341 3953 1401 4017 βίον.
1413 3947 1542 3998 Choricius

482 4019 673 4083 'Repetendum
694 4034 775 4072 menie
796 4025 885 4093 ὥςπερ,
907 4026 982 4093 ὥςπερ
1006 4025 1043 4073 sic
1060 4035 1098 4074 εει
1113 4024 1227 4086 loquutus
1244 4041 1271 4091 p.
1285 4028 1332 4086 64,
1352 4025 1395 4076 ubi
1413 4041 1493 4092 graeca
1511 4042 1541 4078 ac

449 4104 479 4150 εἰ.
503 4100 606 4151 Nitidior
624 4101 693 4152 fieret
712 4102 789 4153 oratio
809 4103 845 4153 sic
865 4104 957 4170 scripta
973 4125 978 4154 :
1005 4103 1081 4153 iatius
1090 4103 1203 4168 exempla
1213 4103 1325 4168 apposui.

449 4181 498 4229 ἀλλ’
509 4185 523 4237 ἢ
538 4183 585 4231 ἀπὸ
600 4183 667 4250 δρυὸς
677 4185 690 4238 ή
702 4184 749 4232 ἀπὸ
761 4204 788 4232 π.
803 4184 842 4232 ὤν.
1041 4181 1050 4208 '¹
1065 4182 1164 4241 Codex,
1177 4183 1221 4233 ὅτ’.
1234 4182 1326 4246 Scripsi
1336 4184 1384 4234 ὅτι.

483 4258 493 4283 ³
507 4259 626 4309 Homerus
639 4259 684 4310 0d.
703 4262 747 4321 19,
761 4264 805 4310 193
817 4282 822 4309 :
833 4262 865 4311 Οὔ
878 4269 925 4330 γὰρ
935 4264 981 4312 ἀπὸ
1040 4259 1050 4285 ⁸
1063 4261 1122 4311 Vide
1134 4261 1222 4310 similia
1234 4277 1277 4327 pp.
1290 4264 1333 4323 69,
1345 4264 1358 4311 4
1368 4282 1376 4322 ;
1388 4262 1430 4322 93,
1441 4261 1484 4311 25.

447 4338 514 4401 δρυὸς
529 4339 577 4388 ἐστὶ
592 4343 756 4408 παλαιροίτου,
769 4341 817 4390 οὐδ’
828 4342 874 4391 ἀπὸ
885 4347 979 4409 πέτρης.
1040 4338 1050 4364 ⁹
1063 4340 1175 4390 Fortasse
1187 4339 1227 4398 εἷς.

449 4412 486 4461 ,ssi
510 4430 580 4479 quem
602 4415 682 4467 lusum
705 4434 769 4482 saepe
797 4418 901 4468 :illusum
926 4419 977 4467 fuit.
1041 4417 1299 4485 ¹⁰Codex‚euyxist;.
