3684 5659
380 621 451 693 208
717 628 751 686 Γ.
780 625 854 686 ΤΟΥ
879 621 1136 686 ΠΑΧΥΜΕΡΟΥΣ

376 761 449 854 παρ’
472 761 486 826 ό
505 757 565 825 ἔδει
582 762 622 824 τά
638 760 711 851 πρός
727 759 777 823 τόν
794 757 922 850 ἀριστέα
939 757 1183 847 πεφιλοτίμηται,
1204 759 1313 835 ὁσάκις
1329 762 1382 824 καί
1401 761 1468 852 ἀρι-

378 873 554 958 στεύσαιμι’
576 879 628 946 τῆς
646 866 680 934 δὲ
699 870 820 960 γνώμης
835 877 888 944 τῆς
907 868 981 959 πρὸς
994 867 1068 943 ,τοὺς
1085 864 1200 953 ἰδίους,
1219 871 1272 934 καὶ
1291 870 1407 958 μᾶλλον
1424 867 1471 948 οῦς

286 1016 290 1023 ’
377 984 499 1076 ἡφύσις
517 1009 566 1070 μοι
585 982 669 1074 παρὰ
685 980 755 1056 τοὺς
771 978 899 1055 πολλοὺς
921 975 1122 1070 διαφερόντως
1138 981 1290 1066 ᾠκείωσε,
1309 985 1469 1073 παράγειν,

377 1095 449 1186 παρ’
473 1093 582 1169 αὐτοὺς
604 1093 750 1177 ἐκείνους,
777 1094 932 1182 μάρτυρας
955 1090 1065 1166 ἀλλους
1086 1091 1200 1161 ἠλίθιον
1220 1098 1296 1168 ἴσως
1317 1088 1399 1168 δόξει
1420 1095 1470 1158 καί

376 1207 524 1298 περιττόν.
544 1199 599 1279 Οἷς
616 1205 675 1293 γάρ
693 1207 837 1289 τυχοῦσιν
859 1201 939 1265 ἐστίν
958 1201 1130 1265 ἀπόνασθαι
1148 1210 1207 1267 τῶν
1224 1202 1339 1280 καλῶν,
1359 1202 1472 1279 τούτοις

378 1317 431 1382 οῦκ
450 1320 512 1380 ἔστι
525 1313 599 1406 παρ’
613 1312 711 1378 ἀλλων
726 1312 932 1399 πεπεισμένοις
947 1311 1121 1401 ὁμολογεῖν·
1142 1312 1222 1378 ἀλλά
1237 1314 1278 1376 τά
1295 1315 1381 1404 σφίσι
1399 1338 1472 1403 συμ-

377 1428 520 1508 πεσόντα,
539 1424 587 1490 ότε
604 1419 643 1493 δὴ
657 1421 765 1492 καλοίη
780 1421 899 1510 καιρός,
916 1419 1001 1484 αὐτοὶ
1020 1424 1151 1511 γνησίως
1166 1424 1218 1487 καὶ
1233 1427 1469 1514 μαρτυρήσαιεν.

376 1519 449 1628 Ιλγὼ
475 1532 508 1601 δὲ
534 1539 558 1600 εἰ
580 1536 668 1626 φόνον
692 1534 864 1625 κρινοίμην,
890 1516 954 1596 ῦὶόν
973 1527 1109 1596 ἐκποδὼν
1130 1536 1281 1618 ποιήσας,
1307 1536 1382 1627 πρὸς
1405 1535 1472 1613 τοῦς

377 1647 466 1736 ἐμοὺς
486 1648 613 1738 τρόπους
636 1646 777 1732 οῦμενουν
800 1642 1025 1733 ἐφαρμόζοντα,
1053 1643 1193 1734 ἀριστεὺς
1216 1645 1257 1710 ὢν
1281 1647 1335 1711 καί
1360 1646 1472 1712 ταῦται

377 1761 428 1824 καὶ
452 1760 485 1824 τό
506 1767 565 1823 τῶν
590 1757 753 1847 ἀλλοτρίων
778 1750 1016 1846 προκινδυνεύειν
1034 1757 1100 1846 περὶ
1119 1754 1261 1820 πλείστου
1277 1757 1469 1844 ποιούμενος,

378 1867 563 1955 θαυμάζοιμ’
582 1874 633 1932 άν.

425 1957 517 2065 ὅμως
538 1987 607 2062 νικᾷ
628 1978 668 2040 τά
691 1981 744 2041 τοῦ
766 1977 957 2067 κατηγόρου,
978 1978 1030 2040 καὶ
1052 1975 1207 2067 παρελθὼν
1232 1975 1294 2068 ε’γὼ
1316 1980 1469 2069 κρίνομαι.

376 2093 435 2154 Καὶ
454 2091 487 2154 τό
512 2087 599 2176 βῆμα
621 2087 674 2175 μὲν
693 2087 727 2151 οὐ
747 2082 934 2179 δυςχεραίνω
957 2083 1044 2168 τοδί,
1068 2083 1158 2163 εἰδὼς
1175 2096 1268 2152 πᾶσιν
1289 2089 1471 2179 ἠνεῳγμένον

376 2209 439 2276 τοῖς
461 2208 640 2291 κατηγορεῖν
662 2198 799 2281 θέλουσι,
819 2197 876 2262 κάν
899 2197 1104 2288 έπηρεασταί,
1129 2198 1186 2262 κάν
1206 2201 1395 2290 συκοφάνται
1418 2197 1471 2266 εἷεν

377 2306 532 2387 ἐπίτηδες·
551 2309 706 2401 περιαλγῶ
723 2304 775 2392 δέ,
795 2311 838 2393 εί,
858 2308 1004 2384 πολλάκις
1021 2309 1073 2378 τὴν
1090 2307 1162 2395 ἐμὴν
1179 2311 1356 2400 προαίρεσιν
1372 2306 1471 2387 δείξας

377 2421 421 2487 ὅτι
447 2423 498 2487 καὶ
524 2419 597 2510 ὑπὲρ
622 2425 675 2484 τοῦ
698 2419 842 2508 τυχόντος
868 2420 1059 2509 ἠγώνισμαι,
1085 2415 1286 2495 παιδοκτόνος
1311 2417 1471 2486 κινδυνεύω

376 2528 475 2598 δοκεῖν
502 2531 535 2596 έκ
559 2540 612 2607 τῆς
636 2536 688 2596 τοῦ
712 2535 821 2620 πικροῦ
846 2528 954 2595 τούτου
977 2530 1148 2621 κατηγόρου
1170 2531 1366 2607 σκαιότητος.
1392 2511 1471 2608 Ᾰξιῶ

376 2639 406 2707 δ’
427 2641 522 2730 ὑμᾶς,
548 2637 572 2706 ὦ
597 2639 720 2734 ἀνδρες,
747 2642 787 2728 μὴ
812 2640 932 2725 ἁπλῶς,
955 2636 1028 2727 μηδ’
1047 2641 1087 2715 ὡς
1105 2644 1193 2729 ἔτυχε
1210 2641 1263 2710 τὴν
1285 2644 1471 2734 κατηγορίαν

376 2750 538 2842 δέχεσθαι,
564 2753 643 2818 ἀλλά
664 2752 737 2843 πρὸς
757 2752 807 2816 τόν
829 2752 942 2816 σκοπόν
964 2750 1185 2838 έμθαθύνοντας
1206 2751 1256 2816 τὸν
1280 2750 1369 2838 ε’μόν,
1395 2749 1469 2818 οὕτω

374 2866 525 2928 ποιεῖσθαι
543 2865 594 2932 τὴν
613 2868 665 2927 τοῦ
687 2861 874 2953 πραχθέντος
893 2865 1026 2953 ἔρευναν.
1052 2859 1139 2926 Οῦτω
1163 2864 1222 2954 γάρ
1246 2863 1283 2926 ἀν
1305 2866 1359 2928 καὶ
1383 2863 1470 2929 ε’λεεῖν

375 2974 447 3060 ἐμέ,
467 2973 500 3037 ού
519 2983 629 3060 μισεῖν,
650 2971 728 3059 ῦμάς
745 2981 802 3036 τῶν
821 2973 1025 3061 εἰργασμένων
1043 2971 1147 3059 ἕνεκα,
1167 2974 1347 3060 πέπεισμαι.

423 3067 448 3148 (λ
471 3081 540 3171 μέν2
563 3076 612 3148 οῦν
637 3093 726 3166 παῖς,
748 3077 771 3146 ὦ
794 3078 920 3172 ἀνδρες,
945 3080 1004 3154 ἥδη
1027 3095 1124 3149 κεῖται
1146 3086 1245 3149 πεσὼν
1269 3084 1378 3160 ἕκτης
1400 3085 1469 3173 ἐμῆς

375 3191 493 3269 δεξιάς·
515 3195 529 3258 ό
545 3190 577 3258 δὲ
592 3195 691 3285 πατὴρ
706 3193 765 3284 ἐγὼ
780 3192 809 3257 έν
826 3204 995 3285 συμφοραῖς
1011 3197 1069 3281 εἰμί
1086 3195 1256 3283 χαλεπαῖς,
1272 3197 1324 3259 καί
1340 3197 1468 3286 γνησίων

374 3301 481 3392 δέομαι
498 3313 556 3370 τῶν
573 3304 823 3396 παρα-κλητόρων.
842 3306 901 3367 Καὶ
925 3306 955 3366 τί
974 3305 1033 3395 γάρ
1052 3305 1146 3389 ἀλλο,
1167 3309 1191 3368 εἰ
1210 3306 1309 3395 πατὴρ
1332 3307 1373 3370 ὢν
1394 3332 1466 3372 παι-

373 3413 442 3500 δός,
460 3418 511 3481 καί
528 3418 580 3487 τὴν
593 3425 646 3492 τῆς
661 3418 768 3508 ἀρετῆς
783 3411 934 3504 διαδοχὴν
951 3414 1077 3490 ἐλπίζων
1090 3419 1170 3504 ἔχειν
1188 3416 1349 3508 ε’χέγγυον,
1368 3419 1465 3507 ὅμως,

372 3527 471 3602 άλλως
491 3523 628 3614 συμθάν3
643 3534 685 3613 τῷ
702 3521 808 3611 παιδί,
833 3522 981 3616 ἐξάγομαι
1000 3528 1051 3590 καί
1071 3525 1233 3590 αὐτοῦτοῦ
1255 3533 1384 3617 φυσικοῦ
1407 3554 1466 3593 κα-

372 3641 529 3720 θήκοντος,
555 3640 606 3701 καὶ
631 3636 702 3728 ὑπὲρ
726 3627 759 3701 οῦ
782 3636 879 3700 πολλά
901 3638 953 3701 καὶ
980 3637 1126 3712 πολλάκις
1146 3646 1204 3702 τῶν
1228 3641 1301 3702 θεῶν
1323 3635 1465 3726 ἐδεόμην,

370 3752 473 3810 τοῦτον
492 3749 706 3836 ἀναγκάζομαι
726 3749 848 3810 κτείνειν
869 3747 977 3829 αῦτός,
1000 3749 1051 3811 καί
1072 3748 1124 3816 τὴν
1145 3744 1296 3836 διαδοχὴν
1313 3751 1467 3840 ἀμαυροῦν

370 3857 437 3944 ἀμα
454 3855 506 3944 μἐν
523 3861 575 3920 τοῦ
594 3856 714 3946 γένους,
734 3857 800 3942 άμα
819 3852 852 3920 δὲ
872 3858 924 3921 καί
945 3866 996 3931 τῆς
1020 3860 1140 3948 ἀρετῆς.
1161 3858 1273 3922 Τούτου
1291 3861 1321 3922 τί
1338 3860 1375 3924 ἀν
1395 3858 1466 3923 άλλο

371 3964 604 4058 δυςτυχέστερον
621 3974 700 4032 ε’ίποι
717 3991 779 4044 τις;

404 4215 461 4263 'De
475 4215 577 4264 formula
599 4220 638 4264 καί
658 4221 735 4265 ταῦτα
756 4215 791 4264 sic
808 4215 900 4280 posita,
931 4215 1030 4263 tractavi
1051 4215 1081 4262 ad
1101 4215 1194 4266 Αοοοιί.
1215 4215 1257 4266 Gr.
1279 4226 1297 4265 t.
1318 4216 1356 4278 11,
1377 4233 1404 4282 p.
1425 4219 1464 4266 4⁷.

370 4309 396 4357 p.
413 4295 469 4351 163,
484 4310 510 4341 n.
527 4298 549 4341 1.
932 4292 1092 4357 Pachymcres
1110 4294 1172 4344 Hist.
1192 4295 1261 4343 initio
1277 4313 1282 4343 ι
1299 4296 1420 4354 αῦτόπτης
1436 4303 1464 4346 τὰ

403 4369 510 4418 ²Schol.
522 4390 528 4417 ι
542 4373 647 4438 δεύτερον
660 4378 792 4437 προοίμιον.
931 4374 1042 4429 πλεῖστα,
1057 4369 1128 4429 οῦτως
1140 4378 1238 4436 ξυμθάν,
1251 4382 1359 4436 γεγονώς.
1370 4373 1463 4432 Codex,

403 4448 412 4472 ³
433 4447 569 4497 Formulam
598 4449 700 4510 parilem
726 4446 784 4498 οὕτω
815 4451 903 4511 συμθάν
931 4444 989 4497 οὓτω
1003 4454 1101 4512 ξνμθάν,
1116 4451 1181 4514 quod
1194 4451 1268 4515 paulo
1278 4451 1386 4501 suavius.
