3684 5659
802 622 960 685 ΜΕΛΕΤΗ
986 613 1036 686 ς’.
1417 624 1463 692 95

371 760 460 827 edroi
485 761 644 835 sciscitetis
661 757 891 850 dilectisime,
910 757 981 825 καὶ1
998 759 1068 826 ὅσον
1085 760 1191 827 ἐκεῖνοι
1212 760 1349 848 μὲντοὺς
1367 765 1462 831 ἀλλο-

372 869 490 956 ξέυους,
518 862 601 937 οὗτοι
623 866 656 936 δέ
679 869 749 946 τοὺς
772 859 868 947 ἰδίους
891 872 1100 960 ἀπεμπωλοῖεν
1121 875 1194 965 πρὸς
1218 874 1271 944 τὴν
1295 877 1460 966 ἀναίρεσιν.

371 985 445 1049 Τότε
468 982 601 1060 πολλοὺς
626 988 736 1053 ἤκουον
761 980 905 1072 λέγοντας
927 984 979 1047 καί
1007 984 1060 1053 τὴν
1083 985 1166 1055 νίκην
1189 987 1389 1070 κακίζοντας,
1410 990 1462 1053 καί

371 1091 541 1184 δυςτυχίαν
557 1095 754 1182 νομίζοντας,
771 1099 853 1184 εἴπερ
872 1091 958 1168 εὐθὺς
971 1076 1022 1158 καί
1043 1094 1076 1159 ἐκ
1089 1097 1252 1185 προοιμίων
1267 1099 1460 1182 νικήσαντες,

371 1205 442 1282 τοὺς
455 1206 583 1281 πολίτας
601 1206 641 1281 ὡς
658 1203 785 1296 ἐχθρούς
797 1199 971 1295 προδιδοῖεν
989 1207 1041 1270 καί
1060 1209 1232 1296 σροίττοιεν.
1252 1185 1342 1296 ὅμως
1360 1202 1464 1298 (νόμος

371 1318 433 1410 γὰρ
454 1324 580 1408 ἤπειγε,
599 1317 650 1382 καί
673 1314 728 1380 οὐκ
751 1311 787 1387 ἦν
811 1307 979 1404 ἀνανεύειν)
1003 1315 1119 1392 ἑκόντες
1142 1318 1259 1408 ἀκούσῃ
1276 1319 1397 1410 γνώριμ’
1411 1324 1465 1393 τὴν

373 1435 495 1501 αἴτησιν
522 1426 724 1518 ἐκπληροῦσι,
751 1427 804 1491 καί
829 1433 872 1513 τῷ
893 1422 1026 1516 γεννοίδᾳ
1048 1426 1215 1515 τούτῳκαὶ
1240 1431 1358 1520 ἀριστεῖ
1379 1433 1465 1522 φόνον

371 1537 498 1605 πολίτου
516 1538 711 1630 χαρίζονταιῑ
729 1536 806 1607 πλὴν
823 1537 876 1601 καὶ
895 1541 984 1601 τοῦτο
1001 1537 1186 1625 μετὰπολὺν
1202 1543 1323 1631 χρόνον,
1339 1540 1466 1634 ύπερτι·

372 1649 511 1737 θέμενοι,
534 1648 575 1725 ὡς
598 1654 636 1713 ἀν
658 1672 716 1714 που
736 1650 840 1739 φανείη
866 1646 1004 1723 ἀκούσας
1025 1649 1041 1713 ὁ
1064 1649 1257 1742 ταλαίπωρος
1282 1650 1393 1729 ἐκεῖνος
1413 1661 1466 1719 ἀν·

374 1761 494 1851 θρωπος
514 1759 567 1823 καὶ
594 1756 713 1841 ἑαυτόν,
739 1759 780 1834 ὡς
804 1758 901 1839 εἰκός,
928 1754 1136 1834 ἐξαιτήσηται.
1161 1741 1202 1836 lig
1219 1756 1249 1825 d'
1277 1761 1331 1826 οὐκ
1352 1761 1466 1855 ἑωρᾶτο

372 1863 461 1960 (οὐδὲ
476 1871 539 1962 γὰρ
556 1864 609 1941 ἦν’
623 1867 674 1934 τὸν
700 1867 734 1934 ἐκ
756 1868 869 1934 πολλοῦ
889 1869 1018 1935 θανόντα
1036 1872 1311 1959 ζῶνταφαίνεσθαι
1334 1875 1386 1938 καὶ
1405 1874 1466 1938 λα-

373 1981 435 2047 λεῖν
453 1973 664 2069 ἱκετεύοντα),
684 1984 808 2073 κυρούσι
830 1979 884 2051 τήν
905 1978 1003 2071 ψῆφον
1025 1979 1218 2070 ἐπικειμένῳ,
1239 1984 1291 2047 καὶ
1309 1986 1467 2075 γράμματι

374 2088 537 2177 βεθαιοῦσι
552 2091 606 2163 τὴν
620 2086 750 2182 δωρεοίν.
769 2091 828 2155 Καί
846 2095 896 2155 νῦν
915 2089 1007 2167 αὐτὸς
1023 2091 1076 2179 μὲν
1094 2092 1243 2181 λαμθοίνει
1256 2096 1290 2160 τὸ
1305 2095 1396 2188 γέρας
1414 2098 1466 2162 καὶ

373 2208 428 2269 τοῦ
444 2200 660 2295 βουλευτηρίου
676 2198 849 2293 ἐξέρχεται,
866 2197 960 2288 μηδὲν
977 2201 1066 2269 πλέον
1082 2210 1135 2269 τοῦ
1152 2207 1240 2293 μόνον
1256 2205 1360 2272 λαθεῖν
1377 2206 1470 2299 ἐργα-

374 2316 520 2402 σοίμευος.
541 2294 617 2379 (idi
629 2311 754 2389 πολίτης
767 2310 879 2388 ἐκεῖνος
892 2308 1015 2404 εύρηται
1035 2309 1138 2390 δεξιᾶς
1153 2315 1193 2380 ὢν
1210 2320 1296 2408 ἔργον
1313 2318 1370 2408 πρὸ
1388 2319 1468 2408 χρό·

374 2448 426 2491 νου
448 2430 503 2492 τοῦ
521 2424 618 2490 καλοῦ
642 2424 749 2490 τούτου
770 2422 918 2516 ἀριστέως
942 2426 994 2489 καί
1019 2422 1093 2518 ὑπὲρ
1110 2434 1169 2491 τῶν
1191 2427 1319 2493 πολιτῶν
1339 2430 1391 2493 καὶ
1415 2436 1470 2504 τῆς

374 2536 491 2614 πόλεως
503 2533 738 2614 κινδυνεύοντος.

426 2647 516 2715 Καλά
533 2672 569 2739 γε
581 2653 681 2715 ταῦτα
689 2642 712 2733 ⁸,
732 2642 757 2714 ὦ
773 2643 900 2740 ἀνδρες;
914 2648 1008 2714 καλὸν
1024 2648 1058 2714 τὸ
1075 2647 1144 2725 τοὺς
1157 2648 1284 2727 πολίτας
1298 2649 1372 2744 παρ’
1386 2652 1471 2718 ὁτου-

409 2884 418 2911 ¹
432 2883 523 2935 Addidi
536 2892 586 2935 καί.
605 2883 732 2935 Contraria
747 2883 844 2943 ratione
859 2884 911 2934 tel·
936 2882 1034 2935 Jacobs.
1053 2884 1077 2934 in
1096 2881 1228 2935 Analectis.
1245 2883 1314 2933 Nunc
1327 2883 1419 2934 editum
1432 2895 1470 2934 cst

376 2963 449 3013 lenda
466 2962 608 3028 conjunctio
625 2979 656 3013 ex
675 2961 762 3029 Hypati
781 2963 910 3012 Anatomia
935 2971 1028 3035 ¹temere
1036 2963 1181 3028 αὐτομάτοις
1191 2963 1307 3013 cxinutili
1318 2963 1468 3029 conjectura.

375 3058 402 3106 [ν.
416 3043 464 3092 152
476 3061 484 3092 ε
500 3045 602 3107 γλουτά,
616 3044 643 3091 al
658 3042 812 3111 σφαιροειδεῖς
829 3047 910 3108 σάρκες
936 3039 966 3091 G.
977 3040 1117 3107 Acropolita
1130 3042 1191 3092 Hist.
1205 3058 1229 3091 c.
1238 3044 1270 3090 77
1282 3061 1288 3091 ι
1299 3045 1355 3093 ε’κὼν
1366 3043 1427 3092 ἄκων
1438 3046 1471 3099 εἰς

373 3126 415 3171 καὶ
424 3122 572 3184 έπιιιείμεναι
585 3130 635 3178 τοῖς
652 3124 743 3178 κώλοις.
754 3119 851 3186 Optime
863 3133 909 3168 οο-
936 3127 979 3175 τὴν
989 3124 1106 3186 βασίλειον
1115 3123 1205 3185 ἀνήχθη
1215 3130 1345 3191 περιωπήν.
1357 3121 1470 3171 Invenies

373 3198 423 3249 dex
440 3200 523 3258 3⁰35,
542 3198 567 3251 in
585 3213 634 3265 quc
654 3198 696 3249 ille
713 3206 830 3249 tractatus
843 3204 912 3246 caret
936 3198 1053 3249 nonnulla
1071 3198 1096 3248 in
1113 3201 1175 3249 meis
1196 3199 1228 3249 ad
1248 3199 1309 3250 Phil.
1327 3200 1384 3249 llcr.
1406 3198 1471 3249 notis

375 3277 483 3327 auctoris
496 3276 613 3327 nomine:
630 3282 712 3345 σάρκες
724 3279 750 3326 αἱ
769 3276 831 3325 isis.
851 3273 910 3323 Tol·
936 3292 962 3340 p.
975 3277 1037 3336 leh
1050 3277 1074 3326 in
1087 3276 1200 3328 Palaireti
1211 3277 1311 3328 Observ.
1322 3277 1354 3327 ad
1365 3277 1444 3343 Epist.
1457 3283 1465 3326 1

373 3355 447 3407 lenda
464 3366 491 3407 et
509 3370 540 3405 ex
554 3354 677 3406 Theodori
695 3354 822 3404 Prodronii
839 3351 911 3402 Rhe-
936 3352 968 3403 ad
981 3353 1038 3404 Cor.
1054 3354 1083 3416 9,
1099 3356 1138 3404 17.

374 3433 463 3485 dantes
475 3433 682 3500 supplementur
702 3434 747 3482 158
760 3452 766 3483 ι
779 3437 872 3498 ψυχρὰν
885 3432 910 3482 δε
970 3431 1078 3483 'Codex
1097 3443 1185 3500 παρῆν.
1204 3431 1296 3498 Scripsi
1317 3439 1365 3500 γὰρ
1384 3431 1421 3488 ἦν.
1441 3433 1469 3483 ln

374 3520 494 3567 ποιεῖτον
506 3521 627 3582 cepisses
641 3513 722 3565 εὐσίαν
734 3516 797 3583 Ψιλῇ
809 3515 909 3562 κελεύσει
936 3510 1047 3576 Eunapic
1063 3512 1180 3576 scriptum
1199 3524 1264 3559 nunc
1284 3520 1322 3560 est
1341 3521 1406 3579 παρῇ
1425 3525 1471 3575 pre

374 3599 414 3643 καλ
431 3597 543 3650 θελήσεως
558 3597 638 3658 μένης.
656 3591 722 3656 Lego
736 3595 793 3660 ψιλῇ
810 3592 909 3641 κελεύσει
936 3596 983 3656 γὰρ
1002 3590 1027 3659 ᾖ
1047 3589 1082 3639 lbi
1100 3599 1156 3638 nota
1171 3605 1197 3653 p.
1211 3589 1269 3636 257.
1288 3586 1357 3637 Adde
1378 3587 1409 3636 de
1428 3587 1470 3638 illa

374 3682 417 3729 τῆς
425 3674 537 3729 odisses
547 3676 634 3737 μόνης,
645 3669 685 3721 vel
697 3669 779 3734 potius
792 3671 835 3719 κάκ
845 3673 909 3726 osli·
936 3668 1117 3733 permutatione
1127 3676 1197 3716 notas
1210 3666 1243 3715 ad
1256 3664 1379 3715 Tiberium
1396 3664 1469 3716 Rhet.

374 3770 432 3807 σιως
449 3767 462 3794 ι
481 3749 536 3799 llcc
552 3748 622 3810 vele,
642 3747 679 3799 sic
699 3745 772 3813 jubeo
785 3765 816 3809 ιι,
836 3755 910 3812 poeta
936 3761 962 3809 p.
979 3744 1025 3805 33,
1043 3743 1073 3794 ad
1090 3744 1204 3794 Manassis
1221 3744 1356 3810 fragmenta
1367 3761 1394 3810 ρ.
1406 3746 1469 3802 406,

375 3826 446 3878 dixit.
937 3822 970 3872 ad
991 3824 1104 3880 Proclum
1129 3824 1153 3872 in
1179 3823 1304 3889 Cratylum
1326 3840 1350 3891 p.
1378 3824 1417 3874 14.
1442 3825 1470 3873 ln

407 3903 419 3931 ⁸
430 3904 563 3955 Antithesis
574 3919 623 3955 nen
640 3918 711 3964 rara,
723 3902 792 3968 cujus
805 3901 859 3953 lons
873 3911 910 3952 est
936 3900 1088 3966 Theognide,
1101 3903 1225 3967 120¹!‚pr0
1237 3898 1353 3967 Ἆργαλέις
1363 3903 1470 3971 staples,

375 3983 529 4035 Homericus.
540 3981 636 4049 Jupiter
648 3980 726 4033 lliade
739 3991 825 4047 quarta
838 3997 863 4031 ν.
878 3982 910 4030 le
936 3987 976 4030 nsi
986 3985 1050 4049 ρίλος
1063 3977 1111 4031 εὖτ’
1121 3984 1149 4032 ἂν
1159 3985 1228 4048 ἀπῇς.
1240 3982 1371 4030 Camerarii
1386 3979 1471 4043 conje-

375 4061 417 4111 irae
436 4059 540 4111 lunonis
561 4058 691 4110 tradidisse
709 4075 737 4110 se
760 4061 795 4109 ait
814 4073 910 4109 sacrum
936 4070 1028 4108 cruram
1039 4067 1132 4128 παριών
1142 4059 1206 4110 bene
1220 4067 1349 4122 receperat
1359 4057 1471 4107 licandcr

375 4138 460 4199 llium,
476 4136 563 4189 urbem
581 4136 628 4188 sibi
646 4136 843 4196 dilectissimam,
866 4135 911 4186 sed
936 4136 1100 4202 Theognideae
1111 4137 1260 4201 editionisp.
1277 4138 1335 4196 lli),
1351 4135 1415 4186 benc
1426 4151 1471 4186 re·

375 4216 478 4267 invitum
495 4215 568 4267 simul
590 4230 637 4266 nec
659 4215 761 4266 invitum
781 4234 788 4264 ι
807 4217 853 4280 ἐγώ
873 4234 910 4265 σοι
938 4218 1032 4265 vocavit
1053 4214 1177 4265 Wclelscr.
1199 4230 1223 4264 v.
1244 4214 1315 4264 1024.
1337 4213 1471 4264 Antithesis

375 4297 439 4345 θῶκοι
457 4296 516 4345 ίιιὼν
536 4294 628 4346 &alm
646 4313 672 4358 γε
691 4298 765 4363 θυμῷ.
790 4292 911 4357 Meleager
937 4300 1030 4361 παριὼν
1053 4294 1113 4362 ier-35
1128 4291 1292 4356 conjecturam
1308 4291 1411 4357 pulchre
1428 4309 1471 4344 as-

374 4371 476 4423 Anthol.
489 4374 530 4434 12,
538 4374 584 4424 862
593 4372 731 4438 Δῦτύματος
741 4374 763 4422 δ’
770 4372 832 4422 ἄκων
842 4378 910 4422 ποσσί
936 4372 1004 4422 serit.

374 4456 450 4516 ταχὺς
474 4451 586 4521 φέρομαι.
607 4450 679 4515 Quod
697 4450 761 4502 bene
783 4449 911 4500 illustravit
972 4447 1068 4500 ‘Schol
1081 4451 1207 4517 τπροθολή.
