3684 5659
372 632 444 700 212
711 634 746 691 Γ.
774 629 849 690 ΤΟΥ
870 626 1126 689 ΠΑΧΥΜΕΡΟΥΣ

420 765 512 831 Ταῦτ’
532 765 630 854 ἔλεγεν
646 765 660 828 ὁ
675 764 856 854 πατήρ,·κα“ι
872 760 964 837 πολὺς
977 757 1012 832 ἦν
1027 757 1218 851 σωφροσύνην
1233 755 1372 850 ἐξαίρων,
1388 755 1463 845 κάμὲ

372 880 446 969 πρὸς
462 876 573 946 ταύτην
591 877 670 940 κατὰ
687 876 720 939 τὸ
739 870 865 939 δυνατὸν
882 871 1094 959 οἰκειούμενος.

422 990 458 1052 Τί
483 985 534 1065 θέ;
566 985 632 1051 ἀλλ’
658 986 769 1059 ἐκεῖνος
792 984 845 1072 μὲν
870 982 964 1059 οὐτως
986 980 1099 1070 ε’ξιίμνει
1122 984 1175 1054 τὴν
1198 984 1319 1073 ἀρετήν,
1344 980 1409 1068 ἐμοί
1433 978 1465 1048 δέ

374 1097 461 1185 μέλον
474 1094 509 1169 ἦν
523 1103 575 1161 τοῦ
588 1096 658 1161 κατ’
675 1096 833 1182 ἐπιθυμίαν
847 1100 912 1182 ζῇν,
929 1090 1054 1182 θεύτερα
1070 1102 1123 1168 τῆς
1139 1093 1212 1180 ἐμῆς
1224 1088 1350 1183 ὀρέξεως
1365 1117 1468 1157 ποιου-

374 1207 452 1294 μένῳ
469 1210 508 1271 τὰ
525 1213 577 1271 τοῦ
595 1209 707 1299 πατρὸς
727 1205 915 1292 ἐντοίλματας
935 1205 994 1269 Καὶ
1017 1206 1263 1294 μαρτυρείτωσαν
1285 1203 1313 1267 οἱ
1339 1198 1464 1279 εἰδότες.

375 1319 439 1382 Κοίν
457 1318 574 1403 ἄλλως,
593 1319 611 1389 ἢ
630 1317 702 1394 ώςτε
716 1319 767 1381 καί
783 1316 925 1381 εὐπειθεῖν
939 1313 990 1402 ἐμὲ
1004 1322 1046 1401 τῷ
1060 1317 1171 1406 πατρί,
1191 1321 1314 1393 εἴποιεν,
1333 1314 1367 1379 οὐ
1380 1313 1466 1405 λόγος

374 1432 461 1493 ἔσται
485 1429 593 1493 πλείων
617 1427 746 1493 ἐντεῦθεν
768 1427 850 1514 ἐμοί·
870 1424 939 1490 ἀλλ’
957 1425 1048 1501 αὐτὸς
1070 1425 1129 1516 ἐγὼ
1151 1424 1221 1490 κατ’
1240 1425 1373 1512 ἐμαυτοῦ
1395 1432 1467 1491 οίσω

375 1540 427 1610 την
447 1538 543 1630 ψηρὸν
562 1538 606 1630 ἐρ’
626 1531 671 1613 οἷς
695 1536 896 1629 ἐγκέκλημοιι,
921 1545 964 1624 τῷ
981 1545 1106 1632 σιγῆσαι
1124 1537 1212 1623 μόνον
1228 1537 1414 1623 ἡττώμενος.
1432 1539 1466 1601 Et

376 1643 405 1712 θ’
426 1641 488 1732 οὐν,
514 1648 592 1713 ἀλλὰ
610 1649 666 1724 τὰς
687 1647 761 1736 ἐμὰς
782 1647 842 1738 ἐγώ
861 1643 987 1739 παροίξω
1009 1643 1150 1738 προέξεις,
1171 1648 1332 1733 μονονουχὶ
1351 1671 1467 1738 μαρτυ-

375 1758 488 1850 ρούσας
506 1760 558 1829 τύν
575 1760 649 1851 πρὸς
665 1761 715 1824 τὸν
731 1759 849 1851 πατέρα
866 1758 1046 1823 εὐπείθειαν.
1070 1738 1096 1821 (λ
1113 1758 1172 1848 γὰρ
1194 1756 1313 1849 πατέρα
1335 1758 1418 1822 κατὰ
1436 1758 1467 1822 τὸ

376 1866 502 1935 θυνατὸν
519 1870 749 1959 ἐκμιμούμενος,
770 1869 814 1963 ἐφ’
831 1865 875 1946 οἷς
889 1875 947 1945 ζῶν
962 1870 1071 1945 ἐκεῖνος
1086 1871 1230 1960 ἔπραττε,
1249 1877 1315 1946 πῶς
1332 1869 1370 1934 ἂν
1387 1871 1468 1935 ἀπει-

377 1980 428 2055 θίης
446 1980 601 2071 ἐλεγχθείη
619 1980 663 2072 ἐρ’
682 1975 727 2057 οἷς
743 1980 933 2073 παροτρύνων
950 1982 1023 2072 πρὸς
1040 1981 1093 2051 τύν
1109 1982 1234 2067 μίμησιν
1252 1981 1356 2072 ἔλεγε;

425 2089 508 2155 Acce
522 2117 573 2178 μοι
587 2095 682 2156 τοίνυν
697 2093 711 2156 ὁ
725 2093 941 2182 ἀναγινώσκων
954 2095 1036 2156 τουτί
1055 2093 1089 2156 τὸ
1107 2099 1159 2166 τῆς
1177 2087 1294 2182 δωρεᾶς
1311 2091 1464 2183 ψήφισμα·

376 2199 450 2264 λοίθε
478 2196 614 2292 θεύτερον
638 2208 744 2286 τοῦτο,
772 2205 824 2267 καί
851 2202 897 2267 ἐπ’
925 2203 1028 2278 αὐτοῖς
1049 2200 1164 2293 ἕτερον,
1185 2202 1211 2266 ὀί
1235 2202 1331 2293 φέρων
1355 2201 1470 2279 ἐντοῖς

376 2310 466 2398 ,ἐμαῖς
483 2316 601 2405 χερσίν,
621 2310 722 2405 ἐρεξῆς
739 2308 864 2400 θίθωμι.

426 2429 531 2490 Ταῦτα
552 2428 591 2490 τὰ
615 2434 673 2491 τῶν
697 2428 854 2517 ἀριστειῶν
874 2432 932 2488 τῶν
956 2423 1034 2510 ἐμῶν
1058 2421 1160 2516 γέραί,
1187 2424 1347 2514 παρόντες.
1370 2428 1470 2489 Ταῦτα

378 2535 472 2606 στήλη
498 2544 550 2611 τῆς
575 2541 628 2600 τοῦ
656 2532 753 2622 θημου
776 2537 915 2625 χοίριτος.
941 2537 1045 2609 Ταῦτοί
1073 2536 1284 2622 με-πείθουσιν
1303 2533 1372 2599 ὅλον
1391 2534 1472 2626 γένος

378 2649 539 2737 τροςοίγειν
554 2656 590 2736 τῇ
608 2646 691 2712 πόλει
709 2649 873 2738 χρήσιμον.
889 2625 1004 2715 Ιύπειθύ
1021 2628 1079 2736 γίιρ
1094 2645 1213 2720 ἡπόλις
1229 2654 1319 2710 πᾶσα
1331 2648 1388 2721 τὰς
1401 2645 1472 2734 ἐμὰς

380 2760 535 2849 ἀριστείας
555 2761 722 2844 θαυμάζει,
742 2759 793 2821 καί
816 2756 875 2844 οὐχ
894 2747 979 2831 οὐτος
996 2758 1085 2843 μόνος
1098 2756 1117 2826 ἢ
1131 2755 1260 2840 ἐκεῖνος,
1279 2756 1299 2827 ἢ
1316 2758 1416 2847 τρίτος
1430 2780 1471 2832 τις

380 2868 420 2930 τὰ
436 2867 511 2958 γέρα
529 2863 668 2950 θίθωσιν,
686 2867 753 2932 ἀλλ’
770 2868 843 2954 ὁμοῦ
861 2870 987 2944 πάντες,
1008 2867 1052 2931 ὅτι
1070 2869 1121 2931 καί
1142 2875 1247 2943 κοινῶς
1265 2866 1469 2959 εὐηργέτησα,

379 2981 437 3040 πού
460 2972 579 3041 δίκαιον
603 2978 643 3063 μίη
662 2976 741 3063 κάμὲ
765 2979 816 3040 καί
839 2979 943 3066 χερσίν
966 2973 1058 3052 ίθίαις
1078 2979 1129 3041 καί
1149 2979 1255 3041 παισίν
1279 2980 1403 3053 οἰκείοις
1422 2979 1470 3042 καὶ

381 3087 458 3176 γένει
482 3091 569 3152 παντί
591 3090 629 3151 τίι
649 3088 721 3178 πρὸς
746 3085 824 3173 ὑμᾶς
846 3089 1048 3170 οἰκειοῦσθαι,
1074 3088 1128 3150 καὶ
1157 3085 1228 3178 ὑπὲρ
1254 3084 1337 3173 ὑμῶν
1360 3089 1472 3178 ἀγωνί·

384 3199 487 3271 ζεοθαι
498 3223 506 3273 ;

1326 3342 1338 3367 ε

382 3434 452 3495 Quod
463 3434 522 3483 mihi
534 3435 631 3499 quidem
643 3446 811 3500 argumentum
820 3437 855 3486 vis
866 3454 914 3486 uon
941 3447 1017 3487 tutem
1029 3438 1053 3486 in
1066 3437 1215 3488 Callimacho
1227 3453 1333 3502 negare,
1345 3438 1389 3487 sed
1398 3448 1473 3488 tamen

382 3529 468 3576 parum
484 3510 575 3562 habere
595 3513 705 3576 videtur,
723 3530 769 3563 nec
788 3525 868 3565 tamen
889 3526 916 3564 ut
942 3515 1058 3565 ineratub
1069 3515 1258 3578 polemanchiam
1270 3518 1405 3567 necessitas
1415 3535 1475 3582 que·

382 3590 525 3639 crediderim
547 3592 647 3641 omnino
663 3592 793 3643 Aristidem
810 3594 916 3644 sicscri-
943 3593 1009 3642 dam.
1038 3594 1163 3644 Accedant
1192 3595 1265 3644 etiam
1294 3595 1341 3644 alia
1368 3595 1475 3659 exempla

383 3669 471 3730 psisse.
483 3669 621 3719 Herodotus
632 3671 695 3719 enim
707 3687 748 3736 ap.
758 3671 828 3721 Grav.
837 3671 916 3736 jungit
939 3670 1059 3734 juncturae
1074 3672 1177 3720 nominis
1191 3672 1308 3722 foeminini
1323 3684 1348 3723 et
1362 3675 1476 3742 αὐτοκρά-

382 3744 480 3792 nomina
494 3749 663 3812 ὁπολέμοιρχος
673 3752 841 3812 Καλλίμαχος,
854 3755 915 3805 Στη-
943 3771 1002 3818 τωρ.
1017 3750 1186 3815 Thucydides,
1202 3754 1231 3809 θ,
1248 3753 1292 3800 126
1305 3771 1310 3800 :
1326 3753 1476 3821 αὐτοκράτωρ

382 3827 484 3878 σίλεωςὸ
499 3828 637 3891 Θρασύλεω,
650 3833 799 3894 Κυναίγειρος
813 3833 824 3878 ὁ
838 3828 916 3896 Εὐρο-
943 3836 1020 3892 μάχη.
1041 3829 1172 3901 Jiionysius
1191 3831 1246 3878 Hat.
1268 3831 1351 3896 Antiq.
1377 3834 1408 3894 2,
1429 3833 1474 3879 ii:

382 3909 477 3969 ρίωνος,
490 3901 664 3952 Callimachum
678 3915 705 3953 ut
716 3904 815 3954 Polemo
826 3915 850 3953 ct
861 3905 915 3953 Ari-
944 3913 1067 3970 ἠγεμονίαν
1084 3908 1145 3969 ἔχειν
1162 3908 1327 3975 αὐτοκράτορα
1341 3913 1364 3960 ἐν
1376 3915 1476 3976 πολέμῳ.

383 3981 458 4036 ειίιίεο
469 3980 578 4030 Graverti
587 3982 656 4031 officii
670 3983 768 4031 nomine
777 3983 915 4047 designans.
944 3987 975 4034 m
990 3986 1025 4034 sic
1042 3985 1098 4033 alibi
1115 3985 1252 4050 Dionysius.
1269 3987 1440 4048 Herodianus,
1455 3992 1476 4047 1,

383 4060 504 4111 Praeterea
526 4061 550 4109 in
571 4061 709 4111 Polemonis
730 4061 809 4111 verbis
829 4064 918 4125 ἀνάγκη
944 4065 1068 4120 θιυεότης
1082 4066 1105 4112 ἐν
1121 4065 1220 4133 ὀρρανίᾳ
1237 4067 1343 4124 ἐξουσίαν
1360 4068 1479 4136 αὐτοκρά-

384 4160 420 4195 τις
435 4138 462 4195 ἦν
478 4144 492 4196 ἢ
510 4143 581 4211 ἀρετὴ
599 4139 666 4202 ἦγεν,
684 4139 798 4190 subaudit
815 4141 918 4191 Orellius
944 4163 1002 4210 τοροι
1013 4149 1053 4191 καί
1066 4145 1182 4192 ἀκώλυτον
1195 4148 1367 4211 προςλοιθοῡσοι.

383 4221 470 4277 μᾶλλον
485 4226 581 4276 anicii,
598 4233 643 4268 nec
658 4220 720 4269 maie
735 4220 848 4285 quidem,
862 4235 917 4268 mc-
980 4221 1045 4270 ¹Sic
1065 4236 1089 4284 p.
1111 4225 1149 4280 ll,
1170 4223 1196 4269 14
1213 4242 1219 4271 :
1234 4225 1361 4288 ἀριστειῶν
1382 4225 1477 4276 ἔπαθλα.

383 4295 468 4342 liorem
484 4306 563 4345 tamen
577 4299 664 4363 opinor
676 4301 727 4348 fure
742 4300 916 4347 correctionem
946 4301 973 4348 ln
993 4300 1088 4348 Aneetl.
1106 4300 1167 4348 meis
1184 4298 1225 4349 Gr.
1246 4310 1264 4351 t.
1283 4301 1313 4361 V,
1332 4318 1358 4367 p.
1380 4304 1438 4361 367,
1453 4303 1478 4360 ί,

385 4374 473 4434 ἀνάγκη
486 4396 521 4430 τις
532 4375 568 4435 ἦν,
581 4381 601 4424 εἰ
612 4380 684 4444 ἀρετη
695 4378 756 4440 ἦγεν.
768 4377 820 4425 Nun
831 4387 916 4440 negat,
944 4376 1033 4440 legitur
1052 4378 1121 4441 lapsu
1142 4376 1270 4427 scribentis
1292 4380 1330 4429 vei
1349 4380 1479 4447 typothetae

385 4467 430 4498 nec
447 4462 543 4515 poterat
560 4455 678 4518 Cynegiri
696 4467 765 4520 puter
779 4457 852 4505 l'uissu
866 4455 917 4503 vir·
946 4459 1068 4522 ἀριστείων
1080 4456 1176 4505 ἔπαθλα.
