3684 5659
373 598 444 672 454
709 608 743 666 F.
772 606 846 666 ΤΟΥ
871 603 1126 665 ΠΑΧΥΜΕΡΟΥΣ

371 740 409 805 σὺ
427 736 456 804 δ’
472 736 693 827 άνοιξαίνειςμύ
710 739 807 812 πάθος
823 738 875 802 καί
894 736 984 817 πάλιν
1000 738 1207 827 άποκήρνκτον
1223 733 1322 826 λέγεις
1338 737 1391 800 καί
1411 737 1461 806 τὴν

372 857 424 917 τοῦ
440 846 590 925 κλύδωνος
605 849 754 942 προνομὴν
772 847 919 938 πατρικὴν
939 847 1035 938 λέγεις
1052 850 1138 931 ναῦν,
1158 849 1317 911 κάντεῦθεν
1335 845 1462 937 ἐπηρεά-

373 969 433 1038 ζεις
449 960 529 1049 ἐμοί.

421 1073 456 1135 Τί
469 1070 582 1162 λέγεις;
601 1069 714 1162 πατρὸς
725 1069 758 1134 τό
771 1077 890 1157 κτῆμα,
905 1069 925 1139 ἢ
940 1070 997 1156 μὴν
1012 1068 1113 1162 ἐτέρου
1126 1069 1205 1144 τινὸς
1219 1059 1310 1160 οῦττερ
1325 1069 1353 1133 οἶ
1369 1067 1462 1160 κύριοι

372 1179 547 1267 βιασθέντες
559 1189 601 1268 τῷ
618 1176 747 1246 κλύδωνι
760 1181 984 1272 παρεχώρησαν
991 1200 1002 1260 3
1019 1181 1134 1273 πατρὸς
1149 1175 1186 1252 ἦν
1203 1180 1342 1264 άληθῶς,
1359 1178 1463 1271 μέχρις

373 1293 410 1357 ἂν
434 1294 572 1380 ἀντεῖχον
594 1290 668 1383 πρός
690 1291 724 1356 τὸ
748 1286 842 1355 δεινὸν
866 1291 892 1354 οἱ
916 1289 1086 1382 ἐπίτροποι,
1112 1291 1164 1355 καί
1185 1286 1266 1367 ξένος
1283 1290 1345 1381 ἐγὼ
1360 1289 1462 1355 τούτου

1032 1381 1039 1401 ,

373 1404 424 1466 καί
439 1397 532 1488 μηδὲν
543 1403 712 1492 προςήκων,
728 1402 769 1477 ὡς
782 1402 1004 1493 άποκήρνκτος.
1018 1397 1061 1477 Εξ
1074 1392 1108 1465 οῦ
1122 1397 1151 1465 δ’
1164 1401 1324 1476 ἐκστάντες
1334 1405 1461 1488 ᾤχοντο,

373 1514 424 1578 καί
441 1515 461 1584 ἡ
477 1514 623 1602 καταιγῖς
639 1517 846 1600 κατασχοῦσα
853 1508 874 1596 ¹,
894 1510 951 1583 όπη
970 1510 1038 1576 ποτ’
1056 1512 1092 1576 ἂν
1109 1508 1144 1583 ἦν
1162 1508 1349 1602 βουλομένῃ,
1370 1510 1462 1600 ταύτῃ

373 1627 487 1716 ἀπῆγεν
509 1624 549 1698 ὡς
572 1622 715 1714 λάφυρον,
738 1623 794 1688 κάν
818 1623 924 1697 σώζειν
942 1620 1087 1692 ἠθούλετο
1104 1621 1215 1712 ἑαυτῇ,
1244 1618 1346 1700 οῦδείς
1367 1623 1383 1688 ὁ
1403 1648 1463 1688 κα-

374 1731 476 1819 θέξων,
494 1735 551 1799 κάν
566 1732 684 1824 θραύειν
698 1731 862 1814 ἡθούλετο,
882 1728 982 1809 οὐδεὶς
997 1734 1012 1799 ὁ
1028 1732 1184 1815 κωλύσων,
1201 1739 1260 1800 ποῦ
1274 1733 1347 1800 ποτὲ
1361 1735 1464 1825 χώραν

373 1843 457 1936 εἶχεν
471 1846 517 1911 ἐπὶ
536 1843 653 1921 τούτοις
669 1847 687 1915 ἡ
704 1849 756 1908 τοῦ
773 1844 888 1935 πατρὸς
906 1841 1050 1928 ἐξουσία,

424 1960 460 2021 Ei
478 1952 513 2021 δέ
528 1957 597 2020 ποθι
614 1963 670 2045 γῆς
688 1952 827 2029 ἐκθάντες
840 1954 866 2018 οἱ
878 1956 1057 2046 πεφευγότες
1067 1957 1120 2027 τὴν
1134 1952 1232 2027 δεινὴν
1247 1954 1362 2027 ἐκείνην
1375 1958 1466 2048 άγγε-

373 2067 441 2132 λίαν
458 2066 559 2156 έλεγον
575 2074 617 2151 τῷ
633 2067 743 2156 πατρί,
765 2066 805 2140 ὡς
823 2067 888 2157 περί
909 2066 1082 2155 σωζομένης
1102 2069 1172 2144 νηός
1188 2069 1241 2133 καὶ
1263 2063 1348 2143 ἰδίας
1362 2066 1465 2133 τούτου

375 2177 527 2243 ἐποιοῦντο
540 2173 609 2250 τοῦς
622 2174 747 2265 λόγους,
767 2175 786 2245 ἢ
803 2176 844 2251 ὡς
859 2174 999 2264 ἐσχάτως
1016 2178 1210 2254 ἀπολωλυίας
1223 2181 1275 2243 καί
1292 2178 1354 2244 άπὸ
1367 2180 1466 2253 πάσης

374 2282 496 2362 ἐλπίδος
513 2287 604 2360 ούσης
620 2289 673 2349 τοῦ
692 2287 865 2365 σώζεσθαι;
885 2267 961 2374 Ιῦμοὶ
976 2283 1090 2369 δοκεῖν,
1106 2284 1200 2365 ούτως
1213 2290 1251 2354 άν
1265 2286 1349 2356 εἶπον
1361 2289 1465 2354 ἐκεῖνοι

374 2398 440 2488 μετ’
458 2402 601 2488 οἰμωγῆς
621 2419 638 2454 <t
651 2378 839 2468 Ᾰπύλωλενή
854 2398 893 2468 σύ,
911 2404 997 2474 ναῦς·
1014 2402 1163 2472 νενίκηκεν
1182 2401 1197 2465 ὁ
1212 2396 1347 2484 κλύδων,
1363 2402 1466 2465 καὶτὰ

375 2511 482 2602 φορτία
505 2507 681 2598 παρείληφε.
702 2506 812 2578 Μηκέτ’
832 2507 995 2573 άπολαόεῖν
1015 2510 1114 2585 έλπιζε
1135 2515 1248 2576 ταῦτα.
1268 2487 1353 2595 Ᾰδης
1370 2512 1390 2581 ἡ
1408 2512 1465 2574 θά-

376 2622 479 2687 λασσα
502 2616 651 2712 δεύτερος.
671 2619 747 2682 Ούτε
765 2618 823 2710 γάρ
841 2614 872 2694 ἐξ
888 2617 1000 2684 ἐκείνου
1018 2624 1098 2686 ἔστιν
1113 2623 1286 2711 άναχθῆναί
1301 2644 1371 2687 τινα
1387 2617 1468 2697 άπαξ

376 2732 522 2809 θανόντα,
543 2727 605 2793 οὔτ’
624 2727 657 2793 ἐκ
674 2727 788 2828 ταύτης
806 2727 909 2794 λαθεῖν
931 2729 1010 2795 ἐστίν
1033 2731 1054 2795 ά
1076 2725 1116 2803 δη
1133 2734 1185 2797 καί
1204 2733 1356 2824 φθάσασα
1373 2757 1467 2798 κατε-

376 2842 509 2906 πόντωσε
524 2863 555 2902 ν.

425 2955 528 3015 Ταῦτα
542 2949 686 3039 λεγόντων
700 2948 830 3033 ἐκείνων,
846 2951 891 3025 τίς
904 2948 998 3027 οῦτως
1009 2959 1099 3029 άνονς
1111 2953 1183 3029 ὥςτε
1199 2955 1251 3019 καί
1268 2953 1361 3019 πάλιν
1375 2954 1468 3045 λέγειν

377 3064 429 3135 τὴν
446 3066 518 3126 ναῦν
537 3065 589 3125 τοῦ
611 3060 725 3150 πατρός
732 3080 743 3138 ;
763 3058 837 3125 όπου
856 3085 911 3151 γε,
936 3063 993 3127 κάν
1010 3061 1081 3128 καῖ’
1095 3063 1176 3129 τοῦτ’
1197 3061 1251 3141 ἦν,
1278 3065 1468 3157 ἀμωσγέπως

379 3169 438 3238 έδει
457 3197 490 3237 σε
507 3173 559 3236 καί
578 3168 647 3244 τοῦς
663 3171 771 3256 νόμους
788 3169 947 3263 ἐπιτηρεῖν.
969 3171 1049 3239 Οῦδέ
1068 3176 1127 3265 γάρ
1147 3172 1217 3239 καί3
1233 3180 1322 3240 τοῦτο
1345 3178 1467 3268 μικρόν,

378 3284 447 3350 όσον
470 3287 512 3359 εἰς
534 3283 631 3370 νόμων
656 3277 790 3356 ἐξέτασιν
809 3283 883 3373 πρὸς
901 3285 1050 3362 ἀλλήλους
1070 3287 1321 3378 σνγκρινομένων,
1342 3289 1400 3353 κᾶν
1418 3287 1470 3353 ούκ

377 3394 497 3485 ἐγχειρῇ
511 3395 562 3458 καὶ
581 3391 769 3483 ἀμφοτέρους
785 3389 932 3482 φυλάξαι,
951 3396 1075 3488 πότερον
1093 3398 1153 3488 χρὴ
1169 3403 1222 3461 τοῦ
1237 3396 1339 3496 ἐτέρου
1358 3398 1469 3486 μᾶλλον

379 3504 567 3570 σκοπούντων
583 3511 685 3568 τινῶν.

427 3597 453 3678 (λ
470 3614 522 3702 μὲν
540 3607 590 3678 οῦν
607 3615 671 3704 περὶ
688 3621 745 3678 τῶν
763 3612 956 3700 ἐπιμενόντων
972 3615 1103 3692 παλαιὸς
1119 3619 1171 3682 καὶ
1189 3620 1307 3704 κοινός,
1327 3623 1381 3686 καί
1399 3620 1470 3687 πολ·

379 3725 441 3799 λοῖς
457 3728 617 3815 συνήνεγκε
641 3722 861 3814 χρησαμένοις·
888 3724 902 3788 ὃ
925 3720 959 3789 δὲ
980 3727 1124 3816 περὶτῶν
1147 3728 1385 3820 άποκηρύκτων,
1410 3732 1471 3807 νέος

377 3836 450 3926 πρὸς
476 3833 599 3917 ἐκεῖνον,
620 3835 671 3897 καὶ
693 3830 770 3909 ἴδιός
793 3839 944 3919 τισι,καὶ
968 3837 1092 3914 πολλοῖς
1110 3837 1201 3929 ἐφάνη
1220 3836 1315 3926 μηδὲν
1336 3845 1416 3931 ἔχων
1438 3844 1470 3906 τὸ

378 3949 539 4037 χρήσιμον.
565 3947 600 4008 Τί
622 3944 681 4034 γάρ
702 3947 726 4007 εἰ
746 3946 985 4035 άποκηρυχθέντι
1007 3952 1063 4014 τινί
1085 3949 1286 4037 μετεμέλησε,
1313 3954 1471 4017 κάντεῦθεν

378 4064 445 4123 νοῦν
467 4061 556 4145 ἔσχε,
579 4057 630 4120 καί
652 4063 710 4120 τῶν
730 4051 896 4145 εὐδοκίμων
914 4069 951 4148 τῇ
971 4060 1054 4125 πόλει
1079 4062 1201 4154 γέγονε,
1224 4065 1311 4156 παρὰ
1328 4070 1470 4130 τοσοῦτον

412 4264 420 4290 ¹
434 4263 532 4313 Schoi:
545 4265 595 4331 ὅρος
605 4271 691 4334 βίαιος.
938 4266 1062 4318 omissum.
1085 4270 1158 4320 Pariii
1176 4270 1250 4322 modo
1271 4273 1416 4339 praepositio
1429 4253 1471 4324 ⁴im

412 4339 459 4391 'in
471 4343 558 4393 codice
568 4351 608 4393 καί
617 4343 726 4394 additum
740 4343 909 4405 interveram,
938 4347 1096 4410 superaddita
1107 4349 1212 4414 simplici
1225 4360 1314 4420 τηρεῖν.

378 4418 410 4468 ab
424 4418 509 4470 eadem
522 4436 608 4480 manu,
620 4430 645 4471 et
657 4431 683 4471 ut
695 4421 837 4472 vocabulum
848 4422 910 4473 ίοτιε
971 4423 1087 4476 ⁸Sch01.:
1099 4434 1126 4478 τὸ
1138 4433 1195 4498 πρός
1206 4450 1241 4481 τι.

1106 4646 1117 4683 i
