3684 5659
798 624 958 684 ΜΕΛΕΤΗ
984 611 1043 684 lA'.
1395 616 1465 686 213

418 737 564 851 Ᾰρχομαι
591 760 689 823 τοίνυν
714 742 826 824 ἐκτῶν
853 760 1055 823 οἰκειοτάτων.
1082 761 1180 891 Κάμοί
1204 758 1256 846 μὲν
1278 761 1297 829 ἡ
1323 759 1409 850 ρύσις
1432 760 1466 824 ού

370 869 492 945 πλείους
517 865 613 934 ἔδωκε
638 894 708 943 τους
731 869 830 955 υἱούς,
859 870 908 934 ίνα
930 875 1001 959 γοῦν
1027 871 1083 934 κάν
1107 871 1147 958 μὴ
1172 873 1297 953 πάντες,
1325 870 1392 934 ἀλλ’
1418 864 1468 936 οὖν

371 979 450 1057 τινὲς
472 983 529 1057 τάς
553 980 629 1068 ε’μόις
652 983 762 1072 ἀρετὰς
784 981 974 1068 έκμιμησωντ
963 1000 1027 1045 .·αι
1053 981 1155 1046 ἀλλ’“
1140 1008 1191 1047 ενα
1214 985 1265 1047 καί
1290 983 1377 1069 μόνον
1401 1007 1466 1046 πα-

371 1092 495 1185 ρέσχεν,
517 1084 549 1156 εὖ
570 1090 623 1179 μὲν
636 1093 778 1178 σώματος
801 1096 930 1222 ἔχοντα,
955 1096 986 1156 εύ
971 1085 1109 1158 δὲκαὶ
1130 1093 1252 1181 ἰσχύος,
1273 1118 1297 1157 ει
1291 1097 1469 1185 προθυμη-

371 1205 480 1273 θείη’
456 1227 499 1277 εις
517 1202 658 1289 πόλεμον.
674 1202 768 1266 Καὶ
752 1228 792 1277 ως
811 1202 847 1264 ἂν
864 1205 1001 1266 εἰκονίσω
1018 1208 1136 1287 τοῦτον,
1155 1202 1310 1293 μονογενὲς
1328 1210 1467 1295 ἄντικρυς

371 1312 490 1387 λέοντος
507 1313 654 1403 γέννημα.
668 1312 748 1382 Πλὴν
765 1310 810 1397 ἐφ’
829 1311 898 1376 όσον
915 1314 934 1382 ἡ
952 1312 1038 1402 ρύσις
1055 1323 1183 1405 παρεῖχε
1201 1316 1256 1389 τάς
1274 1315 1410 1404 ἀρορμάς
1425 1317 1468 1389 εἰς

371 1423 467 1489 καλὸν
486 1425 538 1489 καί
557 1431 593 1512 τῇ
610 1423 694 1488 πόλει
716 1426 878 1514 χρήσιμον,
901 1422 947 1486 ε’πί
971 1429 1112 1493 τοσούτου
1134 1422 1244 1499 ἐκεῖνος
1267 1426 1466 1514 ἀντιπαρῆγεν

373 1538 416 1610 εἰς
442 1537 555 1600 κακίαν
578 1536 612 1599 τό
636 1535 859 1621 πλεονέκτημα,
887 1537 939 1598 καὶ
967 1533 1038 1599 ὅσαι
1061 1535 1170 1625 ἡμέραι
1195 1536 1246 1599 καὶ
1272 1534 1342 1599 ὅσαι
1366 1533 1468 1610 νύκτες

373 1647 490 1733 κώμοις
514 1648 566 1710 καί
597 1645 702 1732 μέθαις
732 1647 784 1710 καί
815 1647 961 1720 ἀσωτίαις
985 1644 1146 1734 σχολάζων
1171 1641 1218 1716 ἦν.
1246 1627 1302 1737 Εἰρ’
1333 1640 1378 1721 οἷς
1403 1653 1467 1720 πῶς

374 1755 475 1821 οίεσθέ
492 1780 530 1843 με
548 1751 723 1820 διακεῖσθαι
744 1764 786 1843 τῷ
808 1754 908 1839 τότεί,
930 1755 1046 1846 ὁρῶντα
1063 1756 1112 1818 τόν
1130 1760 1182 1820 τού
1200 1755 1302 1845 γένους
1320 1752 1467 1843 διάδοχον

372 1872 517 1931 τοσοῦτον
533 1875 586 1941 τῆς
603 1873 655 1932 τοῦ
673 1867 786 1958 πατρὸς
803 1869 911 1958 ἀρετῆς
931 1862 1136 1953 διῖστάμενον,
1157 1866 1229 1942 ῶςτε
1249 1864 1325 1955 μηδὲ
1343 1871 1466 1959 ρροντί-

375 1982 449 2062 ζειν,
468 1984 497 2042 εἰ
512 1977 569 2043 πού
585 2003 630 2053 τις
651 1977 741 2042 αὐτόν
754 1977 787 2042 ἐκ
799 1980 941 2069 προνοίας
954 1980 1051 2061 τινός,
1072 1977 1104 2041 ἐκ
1118 1983 1170 2041 τοῦ
1186 1977 1277 2043 θέλειν
1292 1987 1349 2044 τῶν
1365 1988 1467 2044 κακῶν

375 2090 519 2179 ἀπάγειν,
538 2084 674 2163 σπουδῆς
690 2096 838 2179 πατρικῆς
851 2089 903 2151 καί
923 2097 976 2163 τῆς
993 2088 1122 2152 ἐντεῦθεν
1138 2097 1225 2175 τιμῆς
1242 2086 1463 2176 ὑπεμίμνησκε;

374 2202 510 2287 Κάκείνῳ
528 2198 581 2287 μἐν
598 2196 677 2271 ἦσαν
694 2202 733 2264 τά
753 2199 811 2286 ε’μά
828 2202 946 2283 πάντα,
966 2200 1041 2270 πλην
1061 2208 1117 2264 τῶν
1140 2209 1193 2276 τῆς
1216 2204 1314 2277 οἰκίας
1331 2195 1370 2265 ῶν
1388 2201 1467 2271 κλη-

374 2320 509 2401 ρονομεῖν
525 2309 651 2395 ἤλπιζε,
671 2311 759 2402 λῆρος
773 2310 872 2385 άλλως
885 2312 940 2375 παὶ
957 2310 1047 2397 ὄχλος
1066 2314 1212 2397 μάταιος·
1234 2310 1297 2396 ἐμοὶ
1316 2307 1349 2374 δὲ
1367 2313 1469 2374 τάκεί-

374 2444 443 2502 νου,
462 2424 559 2513 χωρὶς
572 2427 625 2487 τού
640 2424 691 2487 καί
708 2421 798 2487 αὐτὸν
811 2423 861 2487 τόν
875 2421 958 2492 Ιἥλιον
973 2417 1075 2496 ἀηδῶς
1091 2423 1320 2510 ἀναγκάζεσθαι
1335 2418 1466 2504 βλέπειν,

376 2542 418 2620 τῷ
431 2533 593 2599 λυπεῖσθαι
607 2536 659 2599 καί
678 2530 839 2617 ἀδημονεῖν
857 2531 1078 2623 ἀπαράκλητα,
1098 2514 1227 2619 αἶσχος,
1247 2533 1299 2594 καί
1317 2540 1369 2605 τῆς
1385 2533 1470 2622 παρὰ

376 2652 434 2709 τῶν
450 2644 568 2710 πολλῶν
584 2654 673 2732 τιμῆς
688 2641 723 2721 ἧς
742 2644 907 2736 ἐτύγχανον
926 2645 978 2708 καί
997 2652 1049 2718 τῆς
1066 2642 1195 2706 ἐντεῦθεν
1213 2640 1393 2732 εύρροσύυης
1411 2641 1468 2729 ε’μ-

376 2751 496 2821 πόδιον.
523 2752 611 2821 Ούτω
636 2757 738 2832 καλῶς
762 2756 937 2842 έκλεϊζόμην
957 2765 1026 2830 ταῖς
1046 2752 1117 2844 ὑπὲρ
1139 2762 1192 2828 τῆς
1215 2753 1328 2828 πόλεως
1350 2755 1466 2836 νίκαις,

376 2869 429 2931 καὶ
458 2876 526 2943 ταῖς
553 2892 613 2932 κατ
616 2864 735 2932 ὀἰκον
763 2869 943 2955 συνειχόμην
973 2862 1086 2940 δειναῖς
1113 2874 1294 2956 συμροραῖς.
1325 2845 1470 2955 Ᾰριστεύς

375 2984 499 3056 ἤκουον,
520 2977 600 3043 ἀλλά
615 2980 667 3043 καί
692 3003 844 3053 κακοπαις
866 2978 1067 3110 έρημιζόμην·
1089 2973 1241 3064 εὐδαίμων
1258 2975 1357 3040 διά
1328 2999 1380 3045 την
1397 2979 1468 3066 ἀρι-

377 3112 414 3151 ετ
415 3090 500 3173 είαν,
518 3115 570 3153 και
561 3084 740 3178 δυςτυχης
758 3085 862 3153 διά
834 3114 884 3154 τον
904 3090 966 3154 υἱὸν
987 3091 1113 3178 παρὰ
1094 3091 1211 3154 πάντων
1236 3087 1425 3174 ένομιζόμην.
1445 3091 1470 3151 Ο

376 3204 477 3291 πατηρ
491 3199 651 3287 ησχολεῖτο
665 3199 837 3286 πολέμοις’
819 3200 952 3327 γμέρας,
973 3202 1024 3263 καί
1045 3200 1059 3263 5
1077 3201 1142 3275 υἱός
1160 3209 1223 3274 τοῖς
1240 3199 1472 3328 χαμαιτυπείοις

378 3305 621 3401 συνδιημέρευεν.
639 3314 664 3374 Ο
681 3334 779 3400 πατηρ
793 3308 904 3384 νύκτας
920 3308 1030 3384 όλας“
1009 3316 1121 3385 αύπνος
1136 3317 1234 3392 ἴαυεν,
1254 3308 1383 3398 ὑραίνων
1399 3306 1471 3398 ὑπερ

376 3426 431 3486 τοῦ
456 3417 553 3509 δήμου
576 3418 708 3505 βουλάς,
734 3423 786 3486 καὶ
806 3421 820 3484 5
838 3421 902 3495 υἱὸς
917 3421 1040 3510 πόρναις
1059 3420 1111 3482 καί
1131 3429 1195 3493 τοῖς
1213 3421 1384 3504 αἰσχίστοις
1404 3414 1470 3481 διε-

377 3532 560 3623 νυκτὲρενεν.

426 3623 501 3735 Ιίγὼ
519 3642 572 3732 μἐν
587 3642 750 3731 έθουλόμην
764 3643 805 3730 μὴ
819 3641 912 3734 λέγειν
927 3647 1024 3706 ταῦτα
1042 3642 1081 3716 ὡς
1099 3636 1197 3711 ὀνείδη
1215 3644 1334 3730 ἔσχατα
1350 3647 1393 3726 τῷ
1411 3639 1472 3728 ἐμῷ

378 3752 439 3843 βίῳ
455 3757 508 3820 καί
527 3764 562 3844 τῇ
583 3760 645 3844 ζωῇ
665 3758 792 3843 ἔχοντα·
812 3754 911 3828 άλλως
929 3780 959 3817 τε
979 3750 1012 3817 δὲ
1033 3754 1084 3816 καί
1108 3753 1219 3828 ἱκανῶς
1242 3749 1346 3828 δόντος
1362 3751 1473 3817 ἐκείνου

380 3862 471 3943 δίκας
485 3858 525 3931 ῶν
539 3869 682 3957 ἔπραττε,
698 3868 731 3931 τό
745 3868 797 3931 καί
814 3865 938 3953 κειμένῳ
951 3867 1055 3941 ῶςανεί
1072 3863 1258 3951 ε’πεμθαίνειν
1266 3862 1288 3948 ²,
1304 3868 1355 3953 καὶ
1370 3860 1475 3928 διασύ-

379 4000 441 4068 ρειν
456 3976 526 4053 τοὺς
543 3977 654 4043 ἐκείνου
672 3979 817 4070 τρόπους,
838 3976 871 4042 ού
889 3978 978 4064 μόνον
1004 3973 1117 4059 ἀηδὲς,
1144 3976 1223 4040 ἀλλά
1248 3979 1299 4040 καί
1326 3976 1474 4047 κακόηθες

380 4087 599 4179 φιλανθρώποις
615 4083 725 4164 δόξειεν
744 4090 866 4162 ἀκοαῖς.
887 4068 960 4151 Ᾰλλ’
980 4088 994 4151 5
1012 4090 1111 4150 πάντα
1131 4081 1226 4160 δεινὸς
1246 4077 1330 4159 οὗτος
1346 4086 1397 4147 καί
1419 4108 1473 4148 πι-

380 4200 451 4290 κρὸς
468 4202 638 4291 κατήγορος
656 4197 826 4276 άναξαίνειν
845 4199 921 4264 θέλει
939 4199 990 4268 την
1008 4199 1177 4287 συμροράν,
1194 4197 1233 4270 ὡς
1251 4199 1358 4279 ἔοικεν,
1379 4191 1474 4271 ἐξεπί-

416 4466 422 4493 ¹
436 4474 475 4533 Τῷ
487 4466 553 4529 τότε]
567 4466 622 4517 vide
634 4484 660 4531 p.
673 4468 721 4527 75,
735 4482 759 4515 n.
773 4469 796 4514 λ.
980 4462 988 4487 ²
1002 4469 1106 4529 Κειμένῳ
1120 4460 1276 4526 ἑπεμθαίυειν]
1287 4477 1314 4526 ρ.
1330 4462 1383 4521 105,
1400 4477 1422 4510 n·
1437 4465 1461 4511 5.
