3684 5659
771 608 928 669 MEAETH
953 595 1002 668 τ’.
1359 606 1420 675 ιιι

334 732 424 815 αὖθις
440 738 550 823 άλλσς,
572 766 624 805 και
616 741 746 816 ἁπλῶς
763 744 889 826 πάντες,
910 740 1015 816 ἐῶντες
1032 742 1066 805 τό
1085 741 1204 827 πλοῖον,
1229 746 1304 812 τήθ
1289 743 1428 832 θαλάσση

334 849 491 916 ἐπίστευον
509 848 646 926 ἑαυτούς

383 965 424 1036 Ως
443 956 473 1025 δ
493 960 660 1035 άνανεύσας
682 959 804 1047 μσλις’
792 961 852 1050 εγὼ
875 969 928 1035 τής
944 961 1086 1036 τολλής’
1074 964 1186 1038 εκείνης
1202 964 1352 1050 ἀθυμίας,
1376 965 1428 1027 καί

333 1071 404 1148 τοὺς
415 1070 588 1163 ὀφθαλμοὺς
603 1068 738 1156 ἀνοίξας,
754 1067 861 1136 οὐθένα
879 1069 932 1157 μὲν
948 1072 1028 1147 έντός
1041 1082 1095 1148 τῆς
1109 1074 1178 1148 νηὸς
1191 1077 1324 1164 καθορῶ,
1340 1074 1430 1139 άλλον

333 1178 364 1247 δ’
383 1182 555 1270 ἀλλαχόθεν
576 1190 612 1270 τῇ
628 1182 767 1271 θαλάσσῃ
786 1183 826 1257 ὥς
845 1207 872 1247 τι
889 1190 948 1247 τῶν
965 1179 1166 1273 ὑγροθιαίτων
1184 1183 1290 1275 ὀρνέων
1306 1186 1431 1276 φερόμε-

332 1318 401 1377 νον,
428 1295 621 1380 συνυπήχθην
644 1293 710 1357 τότε
730 1294 833 1382 κάγώ,
854 1296 925 1377 καί,
947 1296 1011 1386 περί
1034 1293 1154 1380 ἐμαυτῷ
1170 1297 1209 1358 τά
1226 1299 1346 1382 ἔσχατα
1363 1291 1430 1359 θει-

332 1404 464 1488 λιάσας,
493 1403 598 1494 μικρὸν
623 1403 660 1467 άν
681 1405 733 1467 καί
761 1403 927 1468 κατέπεσον
951 1403 1021 1469 καθ’
1045 1401 1185 1485 ύθάτων,
1211 1407 1235 1468 εἰ
1264 1409 1305 1492 μή
1329 1405 1431 1491 μέτες

333 1514 482 1606 λογισμός
505 1511 596 1587 άλλος
623 1508 748 1596 βελτίων
770 1513 902 1602 κατέσχε
927 1515 978 1578 καί
1001 1515 1218 1605 γενναιότερος.
1242 1495 1431 1605 Ιίλογιζόμην

333 1626 394 1717 γὰρ
412 1625 454 1700 ὡς
471 1627 579 1699 πάντες
595 1621 648 1710 μὲν
662 1620 875 1710 τεθνηξόμεθα,
894 1627 945 1689 καί
967 1620 1066 1700 οὐθείς
1080 1624 1170 1708 όςτις,
1186 1624 1299 1715 γενέσει
1317 1620 1428 1708 θοθείς,

332 1735 388 1807 τὴν
408 1734 488 1810 έςοίει
507 1737 591 1809 ζήσει
609 1735 700 1818 ζωήν,
720 1735 771 1798 καί
791 1729 886 1799 θεινὸν
902 1733 956 1823 μὲν
972 1737 1006 1800 τὸ
1028 1736 1102 1827 πρὸς
1119 1741 1202 1822 κῦμα
1219 1736 1352 1822 χανόντα
1371 1738 1431 1800 θα·

333 1842 423 1931 νεῖνῙ,
453 1839 548 1909 δεινὸν
574 1840 607 1909 δὲ
631 1843 745 1932 μᾶλλον
769 1848 794 1909 εί
821 1848 858 1933 ζῇ
880 1869 925 1921 τις
949 1848 1057 1932 ἀτιμίᾳ
1083 1844 1356 1936 τροςταλαισωρὼν
1379 1849 1430 1911 καί

336 1957 427 2041 πενίᾳ
444 1957 557 2028 ἥκιστα
574 1978 628 2047 φορ
630 1963 699 2043 ητῇ.

384 2090 402 2125 α
417 2050 488 2131 ίθοὺ
506 2068 602 2130 τοίνυν
621 2091 636 2122 ν
657 2062 752 2142 εἷπον,
779 2070 919 2201 «ἔρημος
944 2064 1137 2134 θεσποτὼν’
1120 2096 1139 2139 η
1163 2077 1236 2146 ναῦς
1259 2071 1311 2134 καί
1338 2071 1377 2133 τά
1404 2069 1433 2133 ἐν

334 2178 433 2268 αύτή
452 2172 621 2265 μέσονθὲθ
606 2175 755 2253 θαλάττης
773 2178 937 2266 καίτύχης
956 2179 1305 2271 κυθιστᾷτάήμέτερα.
1322 2185 1433 2269 Ηγοίνν

334 2287 489 2365 θαλάττης
506 2287 581 2363 ὅλως
599 2291 804 2379 γενήσονται
792 2293 831 2353 τά
845 2315 916 2355 ποτε
932 2296 985 2355 τοῦ
999 2292 1130 2382 πατρός,
1147 2293 1165 2362 ἢ
1183 2292 1277 2380 τύχης
1295 2291 1430 2381 ἕρμαιον.

334 2399 416 2470 Πλήν
442 2400 477 2464 τὸ
500 2394 690 2464 καταθύναι’
713 2399 824 2471 ταύτην
848 2397 879 2476 ἐξ
901 2403 1036 2490 άνάγκης
1060 2400 1193 2484 ἐσεῖται,
1222 2403 1274 2464 καί
1307 2396 1433 2485 μηθενὸς

335 2511 593 2603 συνεργήσαντος·
615 2513 678 2574 ἔστι
698 2511 758 2601 γάρ
777 2512 867 2597 μόνου
883 2516 936 2574 τοῦ
954 2511 1091 2601 φέροντος
1107 2506 1270 2583 κλύθωνσς.
1291 2510 1330 2572 Τό
1348 2505 1383 2572 θέ
1398 2532 1432 2600 γε

335 2624 472 2692 σωθῆναι
491 2616 685 2713 θυςχερες
655 2618 724 2709 μεν8
745 2622 854 2693 ήόσον
877 2625 928 2686 καὶ
955 2624 1063 2692 νοήσαί
1085 2646 1165 2685 τινα.
1188 2620 1267 2690 Πλήν
1287 2628 1329 2706 τῷ
1350 2622 1433 2683 άτο-

335 2730 468 2822 κλήρῳ’
454 2731 659 2843 ετιχειρητέα
667 2735 718 2797 καί
738 2736 778 2797 τά
796 2730 990 2819 άθύνατα,
975 2760 1014 2808 ως
1031 2760 1049 2803 η
1035 2729 1333 2824 κερθήσοντι,ήε
1320 2728 1433 2806 ἐξαπο-

336 2841 470 2929 λουμένῳ
496 2841 608 2906 τέλεον.
637 2823 825 2934 Ᾰγωνιστέον
853 2847 950 2908 τοίνυν
979 2853 1022 2930 τῷ
1050 2843 1248 2933 άποκηρύκτω
1279 2845 1355 2930 μετὰ
1382 2851 1434 2917 τής

336 2954 450 3044 τύχης·
466 2956 519 3019 καί
533 2961 609 3030 ἰ’σως
621 2954 760 3042 εὐμενοῦς
772 2958 914 3047 ρανείσης
930 2955 1036 3039 αὐτῆς,
1054 2955 1167 3018 ἐσεῖται
1181 2957 1232 3018 καί
1247 2955 1279 3018 τό
1293 2953 1328 3018 έπ
1330 2952 1436 3018 ’ἔλατ-

336 3061 417 3130 τσνὶ
443 3068 486 3128 Εν
504 3062 600 3129 τούτω
622 3066 681 3157 γάρ
705 3062 781 3136 αύτη
801 3064 919 3135 ἑστήκει
937 3067 989 3129 καί
1007 3065 1059 3134 τήν
1077 3060 1196 3156 ἕθραν”
1184 3089 1284 3152 ισχει,
1304 3067 1329 3127 εἰ
1347 3065 1435 3150 μόνον

336 3201 383 3253 τις
396 3176 452 3241 οὐκ
465 3177 691 3267 άπογνόισεται
707 3174 806 3261 Εξελᾷ
816 3178 914 3267 πατήρ
928 3184 986 3240 τῶν
998 3179 1184 3266 πραγμάτων
1201 3177 1316 3240 οἰκείων
1330 3180 1433 3251 όντων;

338 3284 406 3352 ἀλλ’
426 3286 573 3362 είςελάσει
591 3287 685 3375 τυχόν
707 3289 726 3357 ή
745 3287 842 3375 τύχη,
863 3286 1079 3373 οἰκειωσαμένη
1099 3287 1138 3350 τά
1157 3292 1209 3350 τοῦ
1233 3287 1362 3376 πατρός·
1382 3286 1433 3349 καὶ

340 3396 375 3461 οὐ
390 3397 506 3487 πατρὸς
523 3394 660 3486 κλήροςδ,
681 3397 760 3460 άλλά
772 3396 866 3485 τύχης
879 3393 1001 3486 ἕρμαιον
1015 3396 1029 3458 ὁ
1046 3397 1152 3485 φόρτος
1169 3398 1340 3485 γενήσεται.
1355 3375 1436 3458 Ᾰπο-

340 3508 447 3601 κληροῖ
458 3509 558 3600 πατήρ
571 3515 629 3572 τῶν
645 3510 779 3586 οίκείων;
800 3507 833 3571 σύ
851 3508 908 3594 μήν
929 3503 962 3570 δὲ
981 3509 1032 3614 καί
1050 3514 1108 3597 τῶν
1127 3506 1290 3596 άλλοτρίων
1307 3506 1437 3570 ἀποστε-

340 3628 402 3712 ρεῖν
421 3617 532 3703 ἐθέλει,
552 3619 610 3683 κάν
627 3621 686 3684 άπὸ
704 3619 800 3707 τύχης
821 3618 978 3709 γένωνται.
1001 3622 1076 3682 Εστι
1097 3619 1149 3682 καί
1169 3618 1260 3708 σορός
1278 3617 1366 3707 λόγος
1383 3617 1434 3679 καί

340 3728 492 3814 παλαιός,
519 3729 560 3803 ὡς
582 3728 636 3793 ούκ
656 3731 702 3793 άεί
726 3739 790 3803 τοῖς
810 3728 913 3804 αὐτοῖς
932 3730 946 3792 ὁ
967 3729 1057 3804 αὐτὸς
1075 3724 1192 3815 θαίμων
1213 3722 1433 3818 ταραστατεῖῧ·

341 3826 400 3904 κάν
413 3839 544 3930 σκληρὸς
556 3835 591 3910 ήν
605 3842 689 3923 τότε,
711 3839 779 3905 ἀλλ’
797 3847 870 3916 ἴσως
887 3848 930 3926 τῷ
949 3839 1022 3915 τέως
1040 3839 1209 3930 ἐπιγελάσει
1228 3865 1278 3926 μοι
1291 3842 1434 3927 ήμερονιι.

377 4104 430 4155 ‘Et
451 4105 478 4155 id
494 4120 525 4154 ex
542 4105 650 4154 Homero
670 4104 716 4153 od.
740 4106 783 4163 ιθ,
804 4105 851 4152 350
870 4125 875 4152 :
939 4101 1001 4151 ‘sic
1011 4101 1098 4150 codex.

343 4188 441 4250 Βούλομ’
451 4186 517 4246 ἅπαξ
527 4191 584 4251 πρὸς
593 4189 656 4248 κῦμα
664 4190 741 4246 χανὼν
751 4185 798 4233 ἀπὸ
809 4188 878 4246 θυμὸν
940 4179 949 4204 ¹⁵
962 4179 1062 4240 Codex,
1075 4183 1166 4246 κλῆρθν·

344 4266 447 4315 ὀλέσσαι.
459 4264 490 4312 Et
502 4264 539 4313 sic
549 4262 731 4313 Declamatione
741 4261 796 4311 ΧΠ.
940 4256 950 4282 ⁶
962 4257 1097 4321 Sophocles
1116 4256 1227 4315 Electra,
1240 4254 1284 4300 911
1307 4274 1313 4303 :
1331 4264 1379 4311 τοῖς
1392 4254 1439 4302 αὺ-

377 4341 387 4367 ¹
399 4341 485 4393 Codex
493 4379 501 4401 ‚
509 4342 649 4392 καταδῦναι.
907 4344 969 4386 τοῖσί
980 4356 1018 4386 τοι
1029 4336 1080 4400 Οὐχ
1096 4335 1164 4392 αὐτὸς
1182 4335 1219 4384 ἀεὶ
1232 4335 1349 4399 δαιμόνων
1361 4354 1440 4402 παροι-

379 4421 389 4447 ³
399 4419 548 4471 subauditur
557 4423 651 4486 μᾶλλον.
909 4423 999 4465 οτοιτεί.
