3684 5659
657 623 658 626 ,
717 568 899 633 nultoltls
919 569 1130 633 Punrsuu.
1436 593 1469 638 ιιι

369 703 475 776 bona
488 704 632 776 fortuna
648 707 793 803 reperit,
810 705 898 776 dum
914 732 977 802 per
989 707 1162 777 Graeciaru
1176 721 1210 777 et
1227 707 1357 797 Asiam,
1370 709 1469 802 jussu

370 827 568 899 Villemaui
581 853 616 899 v.
631 827 763 898 honor.
779 828 910 898 summi
919 827 1141 899 educationis
1154 828 1305 925 publicae
1316 829 1472 901 admini-

369 952 555 1041 stratoris,
580 975 676 1022 anuo
697 978 859 1024 uncccxr.
879 954 947 1024 iter
960 953 1101 1024 faceret.
1122 957 1272 1051 Propter
1286 954 1470 1025 inventum

371 1087 479 1157 Μηνᾶς
492 1074 643 1144 omnino
657 1089 710 1145 est
726 1073 962 1170 gratulatione
973 1073 1120 1170 dignus3
1138 1074 1201 1145 sed
1213 1089 1249 1145 et
1261 1075 1471 1171 vituperan-

372 1197 445 1268 dus
464 1196 590 1285 simul,
612 1197 674 1292 qui
692 1222 738 1268 ne
761 1196 910 1268 verbulo
932 1197 1078 1294 quidem
1101 1197 1349 1294 significaverit
1369 1200 1471 1294 cujus

371 1344 456 1415 quae
472 1318 542 1390 loci
564 1319 781 1392 bibliotheca
798 1321 962 1392 codicem
986 1322 1181 1420 possideat,
1202 1347 1282 1418 quae
1307 1324 1469 1397 conditio

372 1442 476 1533 libri,
492 1468 572 1539 quae
585 1459 667 1514 aetas
684 1443 741 1514 vel
755 1470 833 1541 quae
848 1446 958 1515 aetatis
972 1444 1116 1515 indicia.
1134 1448 1301 1516 Ceterum
1319 1471 1395 1516 esse
1412 1473 1469 1518 re·

373 1568 601 1638 centissimus
615 1593 658 1638 ex
678 1569 841 1638 oratione
857 1567 972 1638 codex
984 1569 1154 1664 arguitur.

425 1694 466 1761 Ε.
493 1690 648 1762 Millerus
678 1693 732 1763 vir
759 1695 888 1762 Graecae
912 1691 1122 1763 eruditionis
1145 1690 1251 1762 laude
1281 1690 1469 1762 celeberri-

374 1835 459 1881 mus
479 1810 525 1883 de
551 1819 707 1910 Φιλόγελῳ
732 1812 875 1884 edendo
898 1813 1133 1908 cogitaverat,
1160 1812 1223 1883 scd
1244 1812 1470 1910 gravioribus

374 1959 477 2004 nunc
490 1949 685 2031 occupatus
698 1934 823 2004 studiis
836 1958 914 2029 quae
929 1948 1044 2004 totum
1057 1934 1173 2030 ipsum
1186 1934 1253 2004 sibi
1267 1935 1466 2026 vindicant,

374 2057 466 2127 mihi
483 2055 520 2127 id
537 2057 675 2154 operis,
696 2082 763 2154 pro
783 2080 824 2128 ea
843 2080 914 2152 qua
934 2082 992 2127 me
1012 2058 1239 2154 prosequitur
1256 2057 1472 2130 benevolen-

376 2182 438 2271 tia,
452 2178 719 2278 suscipiendum
737 2181 937 2278 proposuit.
955 2185 1022 2251 Res
1040 2181 1128 2251 mihi
1142 2183 1255 2253 auisit
1270 2182 1393 2272 valde3
1412 2206 1466 2272 ac,

376 2302 529 2374 verbum
553 2302 646 2373 facto
672 2317 860 2399 sequutus,
886 2327 945 2373 me
967 2303 1102 2400 absque
1127 2328 1228 2375 mora
1256 2304 1302 2376 ad
1330 2329 1469 2375 novum

375 2426 541 2498 laborem
559 2426 708 2497 accinxi.

428 2556 536 2622 lecto
566 2551 697 2647 raptim
725 2549 845 2621 libello
874 2549 1029 2622 intellexi
1060 2550 1213 2620 multum
1240 2549 1285 2620 ab
1313 2548 1467 2640 editore,

375 2675 543 2770 quamvis
560 2676 595 2746 in
610 2690 820 2772 argumento
838 2674 907 2746 levi
919 2700 961 2746 ac
979 2675 1123 2765 frivolo,
1138 2674 1382 2746 adhibendum
1396 2673 1471 2744 fore

375 2823 474 2869 curae
491 2811 526 2868 et
542 2797 749 2895 diligentiae,
772 2815 811 2870 ut
829 2799 1005 2871 Millerum
1023 2799 1205 2871 electionis
1229 2824 1303 2869 uon
1322 2798 1469 2896 poenite—

377 2937 450 3010 ret,
470 2936 577 3018 atque
594 2921 740 2992 eruditis
758 2921 841 2992 satis
858 2919 1050 2991 lectoribus
1068 2921 1231 2992 facerem.
1256 2925 1345 2990 Nam
1364 2947 1470 3019 opus-

374 3045 448 3116 culi
466 3046 597 3135 Graeci,
619 3044 808 3115 futilissimi
831 3069 995 3141 quoque,
1017 3045 1126 3116 editio
1143 3044 1293 3117 lectores
1314 3045 1471 3116 eruditos

376 3169 504 3259 habet,
521 3194 542 3239 a
551 3167 731 3262 judicibus
744 3169 972 3264 cognoscitur
985 3168 1145 3239 eruditis.

426 3291 567 3362 Edendi
581 3292 686 3387 igitur
702 3291 859 3361 subsidia
875 3316 989 3387 quum
1007 3291 1093 3361 rnihi
1112 3315 1329 3387 quaererem,
1351 3290 1470 3360 Fabri·

375 3417 453 3487 cius
466 3440 524 3486 me
537 3415 674 3500 docuit,
692 3414 893 3486 «Hieroclis
907 3415 1062 3485 Facetias
1073 3440 1116 3485 ex
1130 3412 1255 3484 codice
1267 3417 1470 3507 Augustano

375 3553 500 3610 auctas
517 3542 589 3608 Jac.
618 3541 820 3608 Pontauum
834 3538 908 3631 jam
928 3535 1069 3632 pridem
1090 3535 1321 3625 convertisse,
1340 3559 1471 3631 easque

375 3676 514 3732 exstare
522 3658 568 3729 ad
577 3657 711 3730 calcem
721 3659 797 3754 ejus
805 3662 1161 3754 Progymnasmatum
1172 3662 1331 3744 ».Quem
1338 3658 1470 3729 librum

374 3809 453 3861 non
477 3782 578 3854 facile
596 3782 763 3872 obvium,
784 3798 819 3854 et
835 3782 1050 3873 editoribus,
1070 3808 1162 3880 quos
1180 3784 1327 3881 quidem
1349 3783 1470 3855 videre

373 3908 493 4007 potui,
508 3906 679 3978 Hieroclis
692 3908 912 3978 Facetiarum
926 3933 1072 4005 prorsus
1084 3907 1357 4004 ignotum,mihi
1370 3922 1470 3978 uten-

375 4031 466 4102 dum
489 4029 644 4124 benigne
668 4028 906 4126 permiserunt
930 4028 1158 4100 Bibliothecae
1181 4029 1384 4100 Parisiensis
1407 4051 1469 4096 cu-

374 4153 499 4225 stodes
513 4153 579 4223 viri
593 4153 718 4249 optimi
736 4176 777 4222 ac
791 4152 999 4223 doctissimi.
1015 4153 1160 4222 Facetiae
1172 4176 1192 4221 a
1204 4157 1365 4220 Pontauo
1385 4173 1471 4219 cou-

375 4303 488 4352 versae
506 4292 751 4349 numerosunt
771 4303 845 4368 cix,
862 4277 1005 4373 hocque
1023 4275 1194 4347 exhibent
1211 4275 1343 4346 lemma
1361 4302 1367 4343 :
1386 4303 1404 4342 u
1420 4278 1470 4343 Ex
