3684 5659
801 594 958 654 ΜΕΛΕΤΗ
984 583 1038 654 IB'.
1396 592 1467 664 230

372 733 485 793 ταῦτα.
502 728 547 790 Τά
564 724 617 813 μὲν
633 723 811 813 ἀδικήματα
829 724 1022 820 διαφέρουσι·
1043 732 1077 793 τὸ
1096 727 1129 794 δέ
1145 727 1290 817 δημόσιον
1306 729 1382 798 εἶναι
1398 736 1467 800 τού-

369 863 430 904 των
448 838 519 904 καθ’
538 837 679 923 ἕκαστον,
703 838 747 903 ὅτι
766 845 853 904 τοῦτο
873 839 926 927 μὲν
946 840 1067 931 γέγονε,
1090 846 1210 908 κάκεῖνο
1231 839 1261 908 δ’
1279 843 1313 908 οὐ
1330 844 1463 935 γέγονεν,

370 952 514 1039 οὔμενουν
532 950 587 1015 οὐκ
609 949 771 1040 ἀπέφυγεν.

422 1064 460 1125 Εἰ
488 1057 606 1146 βούλει1
633 1057 688 1144 δέ,
717 1064 768 1125 καί
796 1063 848 1132 τήν
877 1068 930 1127 τοῦ
954 1065 1114 1151 νομοθέτου
1144 1067 1285 1130 κατανόει
1307 1062 1463 1151 διάνοιαν,

371 1170 444 1238 καθ’
457 1174 493 1245 ἣν
503 1171 572 1247 τοὺς
584 1166 764 1248 ἀδικοῦντας
777 1173 829 1242 τήν
840 1172 925 1237 πόλιν
936 1171 1067 1265 ἀφειδῶς
1079 1184 1215 1267 τιμωρεῖ.
1230 1175 1274 1240 Οὐ
1282 1179 1341 1267 γάρ
1351 1179 1402 1242 τὸν

372 1279 618 1373 ἀποσχόμενον,2
636 1283 710 1347 σ’ίλλο
732 1279 766 1347 δέ
785 1309 814 1347 τι
832 1293 890 1349 τῶν
913 1290 1073 1376 χειρίστων
1095 1283 1348 1377 διαπραξάμενον,
1375 1289 1465 1353 ἀνεύ-

373 1400 461 1461 θυνον
485 1398 615 1467 τίθησιν.
640 1375 713 1458 Ᾰλλ’
739 1390 844 1480 εἰδώς,
869 1397 909 1471 ὡς
929 1398 1025 1481 εἰκός,
1049 1399 1088 1473 ὡς
1108 1399 1122 1462 ὁ
1144 1398 1195 1468 τήν
1213 1397 1297 1462 πόλιν
1314 1394 1467 1474 ἀδικήσας

373 1501 521 1581 καθάπαξ
540 1505 594 1570 οὐκ
613 1506 649 1570 ἀν
666 1503 779 1580 ἐκείνης
801 1506 1098 1597 γνήσιοςλογισθείη
1121 1503 1247 1583 δικαίως
1270 1498 1466 1589 πολίτης,·τὸ

374 1621 417 1692 είς
445 1616 557 1688 ταύτην
583 1617 665 1682 οίπαν
693 1611 830 1703 ἀδίκημα
857 1612 1002 1704 δημόσιον
1029 1619 1245 1708 ἀποφαίνεται·
1274 1621 1329 1682 καί
1337 1665 1348 1699 ,
1376 1621 1466 1706 μένου

375 1727 483 1793 τούτου
509 1723 707 1819 ἐξαιρεθέντος
733 1732 786 1791 τοῦ
814 1727 938 1802 πολίτης
964 1723 1040 1791 εἶναι
1068 1733 1120 1791 τοῦ
1149 1723 1371 1805 ἀδικήσαντος,
1398 1729 1468 1804 τοὺς

374 1836 498 1914 λοιποὺς
515 1840 631 1913 πάντας
652 1837 725 1929 παρ’
747 1837 840 1902 αὐτοῦ
864 1843 960 1913 ζητεῖν
982 1840 1034 1903 καί
1057 1837 1221 1925 λαμθοίνειν
1243 1839 1295 1909 τήν
1317 1838 1388 1930 ὑπὲρ
1414 1846 1466 1905 τοῦ

375 1945 568 2037 ἀδικήματος
587 1944 674 2020 δίκην
690 1957 795 2039 σαφῶς
812 1944 990 2039 διορίζεται.

424 2060 501 2125 Εἰπέ
519 2055 587 2147 μοι8
605 2062 720 2125 τοίνυν·
745 2064 819 2135 τίνες
839 2061 865 2125 οἱ
889 2059 1050 2151 σφαγέντες
1072 2060 1196 2144 ἐκεῖνοι,
1221 2063 1271 2125 καί
1295 2065 1385 2138 ποίας
1407 2087 1467 2126 πο-

374 2174 457 2238 λῖται
473 2170 605 2250 πόλεως;
631 2173 683 2235 καί
706 2173 797 2262 χάριν
820 2173 898 2246 τίνος
914 2171 1070 2247 τοιαύταις
1091 2172 1259 2262 ἐχρήσαντο
1280 2183 1466 2265 συμφοραῖς,

376 2280 411 2345 οὐ
433 2290 618 2371 στρατιῶται
643 2283 694 2346 καί
719 2281 840 2346 πολῖται
864 2290 917 2356 τῆς
938 2279 1113 2373 ήμετέρας”,
1135 2285 1186 2346 καί
1210 2280 1282 2373 ὑπὲρ
1299 2289 1351 2347 τοῦ
1369 2289 1468 2348 κοινοῦ

678 2374 685 2395 ‹

376 2389 639 2471 κινδυνεύσαντες;
663 2397 690 2456 Ο
710 2398 781 2484 γοῦν
800 2401 852 2468 τής
870 2391 987 2456 ἐκείνων
1005 2400 1123 2481 σφαγῆς
1141 2399 1238 2466 αἴτιος
1255 2398 1395 2483 ἄντικρυς
1412 2416 1467 2482 γε-

376 2504 490 2594 γονώς,
518 2505 597 2578 τίνος
621 2502 715 2568 οίλλου
739 2506 932 2595 κριθήσεται,
959 2503 977 2572 ή
1005 2507 1057 2565 τοῦ
1081 2501 1285 2592 ἡμαρτηκέναι
1314 2498 1467 2589 δημόσια,

376 2614 514 2698 Γένεσθε,
528 2614 712 2705 παρακαλῶ,
732 2623 791 2679 τῶν
804 2617 992 2705 πραγμάτων
1009 2609 1143 2677 ἐκείνωνῦ
1158 2621 1200 2698 τῷ
1215 2621 1269 2699 νῷ,
1286 2613 1343 2677 κάν
1356 2614 1471 2703 παρήλ-

378 2729 428 2791 θον
442 2722 518 2812 ήδη,
535 2727 592 2790 κάν
607 2725 662 2791 οὐκ
675 2725 704 2790 ἐν
719 2726 883 2817 ὀφθαλμοῖς
894 2722 1077 2809 βλέπωνται.
1088 2704 1207 2788 Ιέκεῖνοι
1220 2723 1387 2814 κατέφυγον
1399 2725 1472 2815 πρὸς

377 2840 430 2910 τήν
446 2836 549 2903 πόλιν·
571 2828 657 2913 οὗτος
676 2833 810 2901 ἐδίωκεν.
830 2817 948 2900 Εκεῖνοι
963 2837 1015 2905 τήν
1030 2836 1140 2928 ἱκανῶς
1157 2831 1370 2919 βοηθήσουσαν
1386 2838 1473 2925 ἐγνω-

379 2967 454 3016 σαν·
482 2940 569 3025 σῖιτος
589 2949 727 3036 ματαίας
747 2948 802 3023 τὰς
825 2948 897 3037 πρὸς
916 2947 970 3017 τήν
987 2927 1214 3020 πόλινέλπίδας
1232 2945 1334 3010 ἐτίθει.
1354 2926 1474 3010 λδκεῖνοι

770 3056 843 3132 λεως
866 3052 1079 3149 ἐδραπέτευον·
1107 3058 1159 3121 καί
1184 3048 1270 3131 οὗτος
1296 3056 1385 3120 πάλιν
1412 3066 1475 3131 τοῖς

379 3170 500 3263 ἐχθροῖς
521 3163 662 3257 μονονοὺ8
681 3171 738 3232 κάν
757 3177 826 3242 ταῖς
846 3170 934 3258 χερσὶ
952 3163 1138 3259 παρεδίδου,
1161 3168 1212 3231 καὶ
1232 3162 1324 3242 ἔδειξε
1341 3174 1475 3256 φανερῶς

380 3288 477 3357 αἴτιος
502 3279 617 3345 ὤνκαὶ
641 3280 742 3370 πρώην
765 3288 817 3354 τῆς
842 3279 960 3343 ἐκείνοιν
984 3278 1139 3354 ἁλώσεως.
1167 3277 1233 3356 Οὐκ
1254 3277 1396 3364 ἐκαμψάν
1421 3302 1472 3361 σε,

380 3390 514 3484 σκληρέ,
549 3393 589 3455 τὰ
622 3388 740 3455 ἐκείνων
776 3385 896 3480 δάκρυα
929 3388 1154 3480 ἀγγελλόμενα·
1192 3387 1226 3452 οὐ
1256 3387 1326 3461 τοὺς
1359 3386 1475 3462 κοινοὺς

379 3500 511 3593 ήδέσθης
524 3498 632 3587 άλαςθ,
652 3496 715 3586 οἷς,
731 3500 796 3589 μετ’
812 3502 930 3566 ἐκείνων
943 3498 1125 3590 στρατεύων,
1142 3499 1241 3568 κοινήν
1253 3498 1306 3568 τήν
1321 3500 1473 3588 τράπεζαν

413 3724 534 3775 ¹Schola
548 3726 643 3776 δῖανοια
656 3730 698 3775 τοῦ
710 3729 844 3788 νομοθέτου.
944 3722 1029 3773 cabula
1044 3728 1112 3788 μόνον
1123 3732 1148 3772 et
1161 3723 1202 3783 οὒ,
1215 3733 1242 3771 ut
1258 3737 1284 3787 p.
1303 3722 1363 3781 114,
1379 3723 1404 3771 4.
1418 3722 1474 3772 Ari·
1504 3760 1506 3764 ι

413 3800 561 3855 'Lacunula
575 3820 708 3870 paucarum
724 3804 860 3853 litterarum
871 3817 914 3851 ca·
942 3803 1017 3853 stides
1032 3803 1099 3852 Orat.
1116 3802 1162 3861 52,
1174 3817 1200 3868 p.
1213 3802 1260 3850 597
1272 3821 1278 3851 ε
1292 3806 1320 3851 σὺ
1336 3803 1356 3850 δ’
1375 3801 1401 3851 οὐ
1417 3808 1476 3870 μονα

380 3898 439 3947 pax.
448 3880 576 3944 Fortasse,
589 3890 628 3934 τὸν
637 3889 708 3934 κακοῦ
723 3903 784 3939 τινος
801 3883 887 3946 ἀποσχ.
941 3886 1045 3934 λεὺεσθαι
1056 3884 1129 3942 δόξεις
1140 3889 1194 3950 περὶ
1210 3885 1239 3932 ῶν
1253 3884 1340 3950 αίρεσίς
1355 3882 1407 3931 ἐστί
1423 3901 1474 3940 σοι,

413 3958 424 3986 ⁸
435 3958 537 4012 Schoi:
550 3965 607 4028 πρός
617 3982 650 4012 τι.
942 3964 992 4012 ἀλλ’
1003 3965 1135 4029 ἀναχωρεῖν
1149 3963 1195 4010 ἀπὸ
1208 3965 1297 4010 τούτων
1308 3961 1324 4010 ἃ
1335 3957 1473 4026 προῦκρινοις

415 4036 576 4109 ’Ἤρκει-δρας.
595 4040 690 4090 scilicet
716 4044 816 4100 πόλεως,
835 4037 916 4103 ellipsi
942 4041 1012 4097 αὐτὸς
1022 4048 1060 4089 καί
1073 4045 1169 4103 μονονοὺ
1184 4043 1260 4088 λιπεῖν
1274 4047 1315 4094 τὴν
1332 4042 1408 4095 τάξιν.
1423 4036 1473 4085 Co·

382 4132 431 4166 non
442 4117 521 4167 semel
532 4117 612 4167 obvia.
622 4116 660 4168 cf.
674 4135 700 4182 p.
717 4119 776 4166 934.
942 4118 990 4166 dex
1007 4119 1054 4166 963
1063 4155 1070 4179 ,
1079 4123 1149 4181 μονον
1162 4117 1188 4166 οὗ
1200 4116 1310 4174 divisim;
1321 4130 1393 4179 quam
1408 4113 1474 4163 divi—

414 4196 534 4248 ⁸Schol.:
549 4202 686 4256 πηλικότης.
703 4197 738 4246 [λε
753 4196 861 4246 dictione
874 4217 917 4260 γε·
941 4196 1034 4246 sionem
1044 4195 1119 4244 nitide
1128 4193 1227 4244 exhibet
1237 4193 1316 4242 codex
1326 4193 1473 4244 Laurentia-

382 4276 460 4328 τίτθαι
472 4276 599 4334 τινόςνῖδε
611 4294 637 4343 p.
656 4278 714 4340 236,
728 4292 753 4326 n.
767 4279 789 4326 l.
943 4292 1001 4335 nus,
1020 4275 1044 4324 in
1061 4289 1110 4338 quo
1123 4279 1191 4338 μόνον
1205 4280 1247 4336 μή.
1268 4271 1336 4322 Hanc
1354 4273 1473 4323 rationem

415 4354 545 4421 οΜονουοιί]
561 4356 593 4406 de
606 4357 649 4406 iilo
663 4355 779 4406 adverbio
797 4355 915 4404 monitum
942 4354 1098 4422 praetulerim.
1112 4353 1162 4402 Sed
1173 4361 1246 4402 tenue
1257 4350 1388 4402 discrimen
1403 4363 1448 4402 est.

383 4452 408 4499 p.
421 4438 463 4487 20.
474 4437 649 4502 Nonnunquam
661 4436 797 4502 separanda
810 4434 857 4483 duo
874 4449 917 4482 vo-
977 4433 1137 4493 ⁷Choricius‚
1156 4450 1182 4497 p.
1197 4433 1226 4479 97
1241 4453 1246 4480 ι
1261 4438 1340 4501 βραχὺ
1352 4442 1476 4502 φροντίσας
