3684 5659
766 628 831 694 KAl
857 632 1076 694 ΦΙΛΑΓΡῙΟΣ.
1391 625 1456 696 291

423 756 495 856 ριὲ.
515 745 699 857 ᾸΕιλήρίτής1
717 767 859 856 εὐνοῦχος
876 764 1070 856 ιλνςτνχήσας
1087 768 1179 838 κήλην
1199 765 1348 840 ἑποίησε’.

422 905 491 1006 ριζ’.
514 896 701 1007 Ᾱὸιλήρίτής3
718 918 795 1003 μετὰ
813 915 941 987 κηλήτον
959 917 1160 1004 κοιμώμενος,
1179 919 1230 982 καὶ
1249 926 1285 1006 τῇ
1298 920 1380 993 νυκτὶ
1394 918 1467 1008 πρὸς

373 1023 481 1090 ἑαυτὸν
498 1027 652 1110 ἀναστάς,
672 1026 701 1090 ἐν
717 1035 759 1113 τῷ
777 1026 1023 1118 ἐπαναστρέφειν,
1043 1030 1168 1102 σκοτίας
1188 1029 1297 1112 oriona,
1316 1035 1398 1093 οἴκων
1415 1029 1466 1097 τήν

374 1135 467 1207 κήλην
484 1134 629 1208 ἐπάτησε.
646 1142 704 1202 Τοῦ
720 1133 752 1202 δὲ
767 1137 897 1209 κήλήτον
911 1135 1178 1230 κατακροίξαντος,
1199 1138 1281 1225 αὐτῷ
1295 1143 1365 1229 ἔφη·
1382 1163 1398 1197 «
1410 1141 1467 1202 Διά

373 1247 403 1308 τί
420 1247 479 1337 γὰρ
496 1247 697 1338 κατακέιραλα
714 1245 881 1335 κοιμᾶσαιί
897 1273 930 1325 »3

423 1389 494 1487 ptn'.
513 1378 700 1488 Ᾰὸὃκρίτήςις
715 1406 886 1488 περιπατῶν
900 1393 962 1462 εἶδε
977 1398 1107 1469 κηλήτην
1123 1398 1284 1490 οὐροῦντα,
1304 1402 1356 1464 καί
1372 1397 1464 1465 εἶπεν·

373 1531 392 1566 «
406 1499 502 1585 otras
520 1508 575 1586 ἕως
592 1509 720 1601 ἑσπέρας
736 1510 770 1575 οὐ
788 1511 830 1597 μή
848 1507 1009 1602 ἐξονρήσρΒ
1024 1539 1052 1570 ιι.

424 1651 492 1751 ριθ’.
513 1642 700 1752 Ᾰὸδιορίτής7
722 1658 793 1728 ἰδὼν
811 1663 941 1734 κηλήτην
958 1664 1017 1727 ἀπὸ
1038 1647 1359 1749 κολύμὸονῧιέξιόντα,
1383 1665 1468 1752 μόλις

374 1769 409 1838 δὲ
431 1777 671 1864 περιπατοῦντα,
691 1774 764 1865 πρὸς
783 1773 873 1839 αὐτὸν
891 1770 972 1839 εἶπε·
994 1797 1009 1830 ι(
1027 1776 1062 1836 Τί
1084 1776 1144 1864 γὰρ
1167 1774 1327 1850 ἀπλήστως
1346 1774 1467 1867 ἐρήμω-

372 1881 458 1967 σαι9,
479 1883 521 1971 μή
539 1879 703 1970 δυνάμενος
718 1887 862 1974 γενναίως
878 1880 1066 1968 βαστοίσαι10
1080 1909 1113 1961 ιι;

367 2074 371 2083 ·
422 2023 480 2124 ρκ’.
500 2014 695 2124 Ᾰὸδήρίτής11
712 2032 848 2108 ἀκούσας
866 2032 911 2098 ὅτι
929 2035 1070 2125 κρόμμυα
1087 2035 1138 2098 καί
1155 2031 1261 2119 osias}
1276 2042 1422 2125 φυσῶσιν,
1440 2033 1469 2099 ἓν

371 2154 416 2233 τῷ
439 2143 537 2212 πλέειν
559 2143 667 2229 αὐτόν,
695 2144 826 2235 γαλήνης
852 2145 943 2220 οὔσης
965 2144 1093 2229 πολλής,
1116 2148 1232 2210 σάκκον
1253 2145 1388 2225 πλήσας,
1409 2147 1469 2211 ἀπὸ

373 2265 427 2332 τής
443 2255 577 2348 πρύμνης
593 2254 741 2346 ἐκρέμασε
749 2251 781 2318 ¹².

334 2538 337 2544 ,
374 2479 511 2546 multasque
522 2494 567 2544 par
577 2477 691 2542 ambages
703 2478 847 2528 sententiani
859 2492 909 2526 ver·
970 2475 979 2502 '
991 2476 1076 2526 Exstat
1085 2477 1110 2525 in
1119 2493 1168 2526 uno
1178 2479 1208 2526 A.

374 2561 461 2610 borum
474 2559 546 2610 αὐτοῦ
556 2561 606 2610 ἐστι’
616 2558 739 2624 quesivit,
750 2573 797 2607 neo
808 2557 907 2606 invenit.
970 2553 979 2580 ⁸
992 2554 1094 2604 Videtur
1108 2569 1162 2604 esse
1174 2559 1287 2621 κολὺμὸου
1303 2557 1367 2608 idern
1383 2574 1412 2609 ac
1426 2579 1470 2610 κο-

410 2637 516 2686 Ἐκειοι
544 2638 569 2686 in
591 2652 641 2687 uno
661 2635 690 2685 A.
713 2634 800 2685 Verbis
823 2635 910 2685 leviter
935 2637 1077 2703 λνμὸήθρας.
1086 2633 1240 2686 conterenda
1253 2635 1327 2686 verba
1337 2639 1382 2688 ἀπὸ
1393 2639 1469 2702 tnta·

375 2717 473 2767 mutatis
487 2715 574 2766 iterum
586 2714 675 2778 legitur
685 2712 702 2780 §
714 2713 770 2764 ταδ’.
935 2733 990 2770 σιως
1003 2713 1028 2761 in
1042 2712 1169 2762 historiola
1181 2712 1198 2778 §
1210 2713 1266 2781 psy'.

408 2793 481 2844 ’Prae
503 2808 598 2843 summo
622 2791 756 2844 infortunio
780 2790 909 2841 Abderites
966 2791 1029 2842 ‘sic
1040 2791 1069 2841 A.
1083 2791 1195 2842 Fortasse
1205 2795 1329 2858 ἐγομώσω,
1341 2794 1380 2843 vel
1396 2800 1469 2860 γιγό-

374 2873 421 2924 iste
432 2873 460 2922 lit
472 2871 614 2935 herniosus,
629 2871 695 2937 quod
712 2871 843 2936 permirum
857 2881 908 2930 est,
934 2891 1023 2936 μωσαι.

374 2951 395 3002 si
406 2952 488 3002 locum
502 2951 618 3016 intelligo.
634 2955 713 3008 Κήλην
727 2961 812 3011 ποιεῖν,
829 2960 855 3000 ιιι
868 2949 908 2999 di·
969 2948 992 2976 ¹⁰
1002 2953 1122 2998 Βαστάσαι
1134 2948 1221 2999 eodem
1234 2964 1307 3000 sensu
1323 2967 1372 3016 quo
1386 2950 1470 3002 dicunt

374 3030 440 3080 citur
453 3032 584 3081 vernacule
602 3049 615 3076 ι
630 3031 690 3081 faire
703 3047 750 3080 une
768 3029 907 3081 maledie».
935 3027 1024 3092 saepius
1043 3034 1118 3096 ρέριιι
1146 3027 1176 3076 de
1199 3028 1270 3088 vino,
1293 3039 1320 3078 ut
1341 3041 1365 3079 et
1391 3031 1469 3081 Latini

375 3107 434 3169 Qus
451 3108 547 3158 dicendi
567 3109 669 3158 formula
684 3125 733 3160 non
753 3109 817 3159 inter
833 3110 909 3160 nostri
938 3105 1279 3172 «fenennariusflystaspis
1288 3107 1469 3160 inscribendum

375 3187 494 3237 sermonis
517 3187 649 3250 elegantias
669 3198 818 3238 numeratur.
835 3189 910 3238 Dide·
936 3185 1049 3248 sepulcro
1061 3195 1202 3244 curaverat,
1214 3195 1275 3235 10810
1284 3186 1417 3247 Athenaem
1430 3190 1469 3247 ¹0,

375 3275 423 3316 rot.
438 3264 549 3328 Epistola
565 3263 686 3328 quadamt
703 3283 715 3309 s
728 3280 758 3313 en
770 3266 858 3324 allant,
867 3265 910 3330 j'ai
937 3262 968 3310 45
980 3281 986 3310 τ
997 3263 1116 3325 ἠδυνάμην
1127 3269 1167 3312 καί
1182 3262 1241 3314 οἶνον
1254 3271 1329 3314 πίνειν
1339 3270 1420 3325 πολὺν,
1429 3273 1470 3314 καί

376 3344 418 3394 tan
432 3342 497 3392 deux
509 3341 625 3391 maladiss
634 3376 685 3400 .....
697 3341 760 3392 deux
775 3341 911 3392 inflamma·
935 3346 1017 3390 τοῦτον
1029 3345 1105 3408 ρέρειν
1116 3346 1200 3398 καλῶς.
1211 3342 1290 3406 Cyrus
1301 3344 1373 3392 etiam
1385 3343 1470 3393 Junior

375 3418 439 3469 tions
457 3418 607 3468 d'entrailles
621 3437 644 3469 ιι.
658 3420 807 3471 Demonstrat
823 3421 911 3471 llulie-
936 3417 1016 3467 aiebat
1026 3433 1054 3466 se
1067 3422 1163 3469 πλείονα
1175 3427 1249 3469 πίνειν
1261 3421 1363 3487 ἄκρατοι
1374 3428 1413 3470 καὶ
1428 3426 1470 3489 ρέ-

376 3496 443 3548 ribus
465 3517 471 3547 :
499 3515 510 3541 ι
526 3496 671 3560 Cependant
687 3497 714 3562 js
733 3513 793 3549 vous
815 3499 867 3548 vois
886 3499 911 3549 la
936 3515 984 3564 ραι
995 3499 1087 3564 βέλτιον
1100 3496 1235 3546 Artaxerxe
1245 3497 1334 3557 fratrs,
1349 3512 1390 3560 ap.
1405 3498 1468 3547 Plut.

377 3575 454 3640 ligure
466 3575 546 3640 palie,
556 3575 587 3624 Et
596 3591 655 3624 vous
670 3590 728 3625 arez
739 3591 770 3626 au
780 3577 859 3626 moins
869 3576 912 3626 fait
936 3572 1061 3639 apophth.
1080 3584 1105 3622 et
1123 3573 1151 3622 V.
1173 3574 1259 3623 Artax.
1277 3575 1307 3633 6,
1325 3573 1367 3624 ubi
1383 3574 1470 3624 Baehrii

376 3670 424 3703 uns
442 3653 546 3704 maladie
565 3673 589 3704 ι.
609 3655 689 3720 Atque
706 3655 742 3705 sie
762 3655 856 3705 locutus
874 3667 911 3706 est
937 3652 1088 3702 Observatio.
1109 3651 1204 3702 Seneca
1217 3653 1296 3717 Epist.
1315 3654 1366 3702 36:
1383 3653 1470 3703 «bene

375 3732 488 3783 Russaeus
519 3732 667 3783 Genevensis
702 3733 801 3785 alicubi.
838 3734 909 3786 (lons.
937 3730 1024 3796 aliquis
1042 3730 1108 3780 illam
1123 3730 1170 3779 sert
1184 3729 1334 3795 (felicitatem
1351 3730 1469 3795 scilicet);

375 3807 433 3875 §02
937 3810 973 3858 sio
986 3809 1109 3875 quomodo
1123 3808 1204 3858 vinum
1216 3827 1240 3857 ιι.
1253 3808 1377 3875 Eunapius
1387 3809 1471 3875 Sopo-

409 3886 515 3937 ‘Exstat
526 3887 550 3937 in
563 3903 612 3937 uno
627 3887 657 3938 A.
937 3887 1004 3936 lide:
1020 3887 1073 3939 οῦδὲ
1092 3896 1133 3945 τήν
1151 3894 1305 3951 πεπιεσμένην
1322 3889 1408 3956 ρανίδα
1428 3897 1470 3946 τὴν

410 3962 467 4013 ‘De
481 3974 592 4029 κοιμᾶται
603 3965 658 4015 vide
670 3982 696 4030 p.
709 3967 767 4028 268,
778 3983 804 4017 n.
817 3969 842 4018 4.
937 3971 1074 4016 Κασταλίαν
1089 3973 1203 4035 φέροντες.
1220 3965 1256 4016 lbi
1270 3981 1325 4015 mea
1345 3967 1470 4016 adnotatio

410 4038 420 4065 ⁵
431 4039 516 4092 Exstat
525 4044 549 4091 in
560 4058 609 4092 uno
618 4042 649 4093 A.
936 4060 963 4110 μ.
979 4060 1061 4093 nsvin.

410 4117 551 4169 ‘credebat
570 4120 643 4169 homo
660 4121 777 4182 stolidus,
793 4129 817 4172 et
834 4122 911 4172 oculis
972 4122 994 4149 ¹¹
1008 4123 1092 4171 Exstat
1105 4122 1129 4171 in
1144 4136 1193 4171 uno
1208 4126 1239 4172 A.

377 4196 613 4258 immodestioribus,
634 4198 725 4250 herniae
742 4200 911 4264 praegrandern
971 4199 993 4227 ¹²
1006 4201 1089 4249 l'arilis
1098 4199 1219 4249 insulsitas
1229 4198 1279 4263 joci
1291 4198 1316 4248 in
1326 4197 1411 4251 libello
1424 4199 1470 4250 ab·

376 4286 495 4326 tumorem
507 4292 560 4327 esse
573 4278 693 4338 vesicam,
703 4295 757 4345 quae
767 4278 912 4342 praehumo·
937 4279 1000 4330 batis
1015 4279 1132 4338 Clamor,
1140 4277 1323 4345 Polissonianis‚
1331 4293 1358 4343 p.
1367 4279 1409 4329 49.
1418 4279 1470 4330 Non

377 4354 409 4403 ris
423 4354 512 4404 saccati
525 4354 672 4406 abundantia
689 4355 802 4422 turgebat
811 4367 912 4422 eratque
937 4355 1237 4407 describamindicavisse
1247 4357 1305 4408 satis
1315 4367 1363 4419 est,
1370 4357 1470 4408 nimium

377 4431 562 4495 prominentior.
938 4451 1043 4502 quoquo.
1059 4436 1131 4487 Conl.
1141 4447 1166 4486 et
1178 4435 1194 4502 ς
1206 4435 1272 4505 ρμοί.
