3684 5659
805 618 962 681 autern
988 607 1038 680 ιν.
1399 619 1470 690 tto

376 757 412 822 ἀν
429 757 482 822 καί
501 763 606 832 κακῶς
623 757 774 842 πάσχοντι
788 762 831 842 τῷ
847 757 998 846 γεννήτορι
1018 763 1107 842 μῖσος
1126 749 1166 821 ὦν
1185 755 1266 821 τέκοι
1283 759 1470 848 προςγίνοιτο

375 903 423 916 -
433 867 494 956 οὐχ
511 868 553 943 ὡς
566 865 765 955 μεμισημένον
778 865 933 932 ἀποκλείει
945 874 1005 931 τῶν
1021 875 1187 958 πατρικῶν,
1204 868 1287 953 ἀλλ’,
1303 868 1355 952 ἵν’,
1371 867 1405 933 ἐκ
1418 879 1471 946 τῆς

374 980 505 1070 ἀπορίας
524 976 596 1043 καθ’
612 976 718 1068 ἑαυτὸν
736 984 833 1042 πονῶν
851 978 903 1041 καί
924 986 987 1052 τοῖς
1008 973 1157 1054 κινδύνοις
1180 977 1467 1070 παραθαλλόμενος,

373 1092 591 1181 ἀναγκάζηται
610 1090 742 1153 κτάσθαι
758 1097 821 1163 τοῖς
838 1089 960 1173 πόνοις,
983 1090 1035 1153 καί
1054 1112 1091 1153 πε
1093 1092 1277 1178 ριουσιάζειν
1292 1086 1352 1165 ἐξ
1340 1096 1448 1155 εαυτοῦ
1458 1137 1468 1169 ,

373 1200 475 1267 καί
442 1224 498 1270 την
506 1200 625 1314 τρυφὴν
646 1201 698 1264 καί
720 1199 773 1270 τίην
788 1195 949 1284 βλακείαν,
969 1193 1048 1263 δι’
1030 1224 1065 1270 ην
1082 1202 1135 1264 καί
1156 1199 1331 1292 ἀπεκηρύχθ
1332 1227 1370 1286 η,
1389 1203 1471 1267 ἀπό-

374 1313 478 1414 θηται.
494 1315 569 1376 Ο
537 1333 588 1374 νυν
604 1312 658 1375 καί
678 1308 769 1385 αὐτὸς
784 1311 916 1384 ποιήσας
929 1311 1092 1401 φαίνομαι,
1107 1313 1179 1397 καί,
1199 1336 1254 1375 ουκ
1271 1310 1317 1377 έπί
1334 1322 1472 1405 σμικροῖς

372 1406 453 1487 τισίν
469 1428 551 1512 ἀρα,
570 1419 670 1485 ἀλλ”
657 1421 703 1485 επὶ
723 1422 877 1511 μεγίστοις
899 1419 1141 1536 ἐγκαρτερήσας,
1166 1422 1219 1492 τὴν
1235 1427 1288 1486 τοῦ
1312 1421 1471 1509 νομοθέτου

372 1529 514 1598 διάνοιαν
531 1533 608 1620 μετὰ
619 1540 673 1607 τῆς
684 1531 781 1620 τύχης
797 1530 995 1622 πεπλήρωκα.
1014 1515 1041 1596 0
1059 1528 1092 1596 δὲ
1108 1540 1152 1619 τῷ
1171 1530 1339 1620 ἐπιμένοντι
1351 1534 1392 1597 τὰ
1410 1533 1469 1598 ἀλ-

372 1641 481 1733 λότρια
498 1636 629 1726 δίδωσι,
649 1651 803 1735 καρτερεῖν
822 1636 979 1706 διδάσκων
995 1667 1048 1705 και
1072 1641 1123 1706 τὸν
1140 1642 1329 1730 ἀπάλαμνον,
1350 1644 1402 1708 καί
1420 1645 1471 1708 τὸν

372 1754 508 1843 ῥάθυμον
524 1750 668 1844 μεγάλοις
691 1756 810 1841 μισθοῖς
836 1751 968 1843 ἐπαίρων
985 1754 1037 1816 καί
1066 1747 1112 1828 οἷς
1138 1752 1192 1818 οὐκ
1212 1753 1248 1817 ἀν
1267 1749 1470 1846 προςεδόκησε

371 1863 508 1928 πώποτε.
529 1865 567 1927 Εἰ
584 1864 664 1954 γάρ,
683 1864 736 1928 καί
761 1866 870 1951 μισθοῦ
888 1862 1083 1954 προκειμένου
1101 1863 1265 1948 τοσούτου,
1290 1864 1470 1954 ριλοζωούσι

371 1974 425 2038 καί
454 1971 546 2039 πάλιν
575 1976 743 2064 ἄνθρωποι,
773 1974 825 2038 καί
855 1973 929 2065 πρὸς
954 1968 1091 2038 κίνδυνον
1120 1976 1289 2066 ἀφορῶντες
1322 1969 1470 2067 δραπέται

371 2085 528 2176 γίγνονται
544 2093 598 2160 τῆς
616 2084 792 2168 θαλάσσης,
814 2083 868 2154 τίην
889 2087 962 2149 ναῦν
981 2085 1022 2159 ὡς
1040 2080 1161 2149 ἀσπίδα
1178 2087 1331 2178 ῥίπτοντες
1347 2087 1399 2151 καί
1417 2086 1470 2157 τίην

371 2197 525 2288 σωτηρίαν
539 2195 839 2286 πραγματευόμενοι,
858 2196 936 2270 τίνες
952 2192 1084 2285 ἐγένοντο
1101 2195 1168 2260 τότε
1186 2197 1213 2261 οἱ
1232 2205 1379 2285 χειμῶσιν
1395 2197 1468 2262 ε’να-

370 2304 566 2393 πειλημμένοι
584 2300 712 2407 δεινοῖς,
730 2309 839 2396 μικροῦ
856 2304 935 2379 τινὸς
951 2309 1004 2369 τοῦ
1022 2312 1075 2379 τῆς
1091 2309 1253 2397 καρτερίας
1269 2311 1378 2393 μισθοῦ
1396 2331 1469 2398 προ-

359 2415 528 2503 --ιιειμένου,
548 2442 600 2480 και
591 2411 721 2480 ο“ιἰδ”’
705 2438 777 2481 οσου
800 2414 863 2480 οίου
883 2437 916 2479 τε
939 2413 1054 2505 τέρπειν
1075 2414 1126 2479 τὸν
1148 2415 1343 2504 ριλόπλουτόν
1360 2442 1392 2482 τε
1415 2420 1467 2482 καί

371 2526 628 2662 φιλοχρημάτου

420 2618 511 2729 Epi->¹
523 2661 577 2725 μεν
595 2633 690 2715 ούτως
707 2642 769 2727 ἔχω
787 2641 853 2729 περὶ
868 2636 993 2721 τούτων,
1010 2663 1062 2702 και
1078 2660 1188 2728 σορους
1204 2636 1334 2713 ἐκείνους
1348 2583 1468 2724 τίθεμαι

371 2743 581 2825 διδασκάλους
598 2745 750 2834 σπουδῆς,
771 2747 980 2840 σωφροσύνης,
1001 2747 1100 2815 εύπειθ
1103 2751 1185 2834 είας,
1211 2745 1368 2840 ἀνδρείας,
1387 2772 1468 2839 καρ-

372 3045 422 3081 non
437 3029 585 3082 dubitaverit
601 3028 698 3091 dicere,
711 3029 751 3080 οὒκ
766 3032 794 3080 ἂν
807 3040 841 3098 τῷ
852 3051 907 3094 γεν·
933 3029 992 3079 llum
1007 3052 1020 3086 η
1031 3050 1060 3080 ιι.
1072 3029 1216 3094 conjunctio
1227 3030 1303 3080 είτουν
1315 3037 1352 3077 est
1361 3026 1469 3077 usitatis-

371 3117 453 3178 νήτορι
477 3117 545 3174 μῖσος
567 3111 598 3159 ὢν
619 3115 683 3160 τέκοι
702 3115 858 3176 προςγῖιοιτο.
879 3107 905 3156 ln
933 3108 995 3158 sima
1012 3107 1079 3174 apud
1093 3109 1257 3168 recentiores,
1274 3121 1321 3156 nec
1334 3122 1389 3156 rara
1404 3106 1469 3170 apud

372 3187 596 3254 tragoediaelocoro
607 3194 693 3237 τίκτειν
704 3187 804 3252 quidem
814 3185 845 3234 de
854 3201 906 3235 ma·
934 3195 1038 3236 veteres.
1061 3187 1228 3238 Nazianzenus
1246 3187 1288 3237 0r.
1307 3189 1338 3243 3.
1356 3202 1383 3251 p.
1400 3186 1446 3235 100
1461 3205 1467 3233 2

372 3267 449 3317 itibus
476 3265 638 3331 capiendum,
662 3265 706 3315 sed
731 3266 755 3314 ln
782 3265 866 3315 avulso
894 3279 907 3312 a
934 3275 976 3324 τῆς
996 3277 1036 3324 σῆς
1054 3269 1196 3332 ἐμπληξίας.
1215 3269 1290 3317 attona
1312 3269 1468 3323 θεοθλαθείας·

371 3359 452 3394 scenae
466 3344 530 3394 serie
550 3359 636 3402 versu,
650 3358 697 3394 nec
717 3343 829 3408 integro,
847 3359 908 3392 seu·
934 3343 975 3393 Or.
992 3347 1038 3403 33,
1055 3361 1081 3410 p.
1096 3345 1144 3393 533
1159 3365 1165 3392 ι
1180 3346 1274 3394 τὸνδιὰ
1290 3344 1398 3412 θυρίδων,
1413 3348 1469 3400 ὡςὴ

371 3423 447 3473 tentia
463 3431 513 3473 stat
527 3437 573 3488 per
591 3437 634 3484 oe,
653 3435 701 3471 nec
717 3421 907 3488 Clylaemneslrae
933 3423 1469 3490 Γραρήρησιν,είτουναἰσθητηρίων,εἱςάγων.

372 3500 499 3569 quisquam
513 3516 560 3550 noc
572 3499 639 3550 ohori
649 3501 769 3550 meminit.
780 3499 816 3550 Re
825 3510 906 3550 tamen
934 3498 1075 3565 Anonymus
1092 3500 1127 3548 lle
1141 3509 1225 3560 coma,
1237 3514 1310 3564 quem
1320 3497 1397 3547 edidit
1411 3498 1470 3546 llil-

372 3594 510 3645 perpensa,
522 3579 602 3645 potuit
616 3581 690 3630 ιῖτινν
701 3575 908 3646 pantomimica-
934 3577 978 3627 ler.
993 3593 1017 3626 ν.
1031 3576 1097 3627 doct.
1114 3594 1141 3644 p.
1155 3580 1184 3626 31
1200 3596 1206 3627 :
1220 3581 1361 3642 ὡπλισμένοι
1375 3578 1470 3634 ἀόπλοις

372 3657 445 3707 tionis
455 3648 549 3722 gratia,
559 3657 614 3723 ipse
626 3657 727 3706 addere.
742 3657 783 3707 Sic
795 3657 907 3724 loquetur
932 3657 1104 3720 ἐπιτιθέμενοι,
1125 3658 1202 3707 είτουν
1227 3659 1332 3713 ἀληθινοί
1354 3659 1467 3712 πιθανοῖς.

373 3745 397 3785 et
416 3736 601 3787 lleclamatione
622 3737 717 3787 decima
733 3743 798 3787 ιιιοῡ
819 3743 906 3804 χοροῦ,
933 3734 1079 3800 Expugnata
1090 3734 1277 3796 Thessalonica,
1292 3734 1378 3785 scribit
1389 3732 1470 3784 ll.Ni-

373 3817 448 3865 ιῖτουν
463 3817 545 3876 ἀξίας,
560 3821 643 3866 τάττει
659 3818 757 3877 ταύτην,
775 3814 909 3880 metapho-
935 3823 1001 3863 cetae
1016 3811 1142 3864 Eustochio
1157 3814 1223 3864 velle
1239 3829 1265 3864 se
1283 3828 1338 3864 cnm
1357 3814 1410 3879 ipso
1428 3819 1470 3863 τοῦ

371 3908 427 3942 ram
448 3893 554 3944 nominis
572 3902 644 3963 χοροῦ
659 3893 840 3954 declaraluffl83
861 3909 908 3943 nec
934 3891 1063 3960 ὃλορυρμοῦ
1071 3905 1185 3944 κοινωνεῖν
1198 3904 1230 3962 τῷ
1238 3897 1289 3944 καθ’
1298 3899 1360 3958 ἡμας
1368 3888 1469 3958 Ἱερεμίᾳ

373 3986 421 4021 non
434 3970 597 4024 duodecima:
610 3981 668 4042 πρὸς
678 3982 718 4031 τὴν
729 3978 857 4042 ἡμετέραν,
870 3975 909 4023 τί·
934 3972 979 4021 εἴτ’
996 3968 1035 4022 οὖν
1052 3969 1176 4036 Ἐζεχιήλ,
1187 3988 1214 4036 p.
1229 3973 1277 4020 359
1290 3970 1469 4020 Thessalonica

372 4069 424 4101 τουν
447 4052 538 4112 αὐτῶν,
563 4053 729 4120 ἀνατρέχουσι.
753 4051 908 4119 Pachymeris
934 4048 1074 4100 Telelianae.
1088 4050 1198 4100 Addatur
1211 4067 1237 4099 n.
1256 4050 1287 4100 ad
1302 4048 1395 4098 llueod.
1413 4061 1469 4097 mea

372 4127 433 4179 liber
448 4128 480 4179 ds
493 4130 639 4181 Harmonice
652 4131 678 4181 id
691 4130 790 4196 prefert
800 4129 888 4179 lemma
900 4150 907 4178 ι
934 4127 978 4177 Gr.
988 4138 1007 4177 t.
1019 4128 1061 4189 lV,
1069 4145 1095 4193 p.
1106 4130 1153 4178 475
1161 4152 1166 4188 ;
1175 4126 1309 4177 Bernhard.
1317 4125 1348 4175 ad
1357 4124 1467 4175 Euetnth.

372 4215 425 4278 περί
437 4212 580 4278 ἁρμονικῆς,
590 4216 660 4267 ἥτουν
670 4220 790 4276 μουσικῆς.
801 4209 909 4259 Retinuit
934 4221 960 4269 p.
974 4205 1032 4253 910·

371 4293 442 4344 ἥτονν
454 4287 534 4338 editor
543 4289 622 4349 doct
635 4289 679 4339 sed
687 4290 732 4339 luit
740 4287 907 4354 reponendum
969 4282 1098 4334 ¹Schol.:
1092 4287 1231 4342 ·ιίντι’θιτις
1251 4286 1467 4348 ἀντεγκληματικη,

372 4372 450 4464 ἤγουν,
466 4368 613 4432 permutatis
628 4369 660 4418 de
673 4384 740 4417 more
754 4374 772 4417 Γ
787 4373 854 4424 οῑΤ,
870 4366 908 4415 vel
935 4383 974 4411 και
986 4371 1071 4421 τοπικη
1088 4365 1228 4434 καταδρομὴ
1242 4370 1303 4414 κατὰ
1319 4369 1360 4414 τοῦ
1377 4365 1469 4418 ἀποκη-

373 4445 450 4496 ιίτουν
469 4460 499 4494 ex
522 4447 703 4510 permutatione
720 4445 814 4496 solenni
836 4458 909 4494 voca·
936 4444 1028 4510 ρύκτου.
