3684 5659
446 598 493 673 96
784 609 818 666 r.
847 607 922 667 τοι
948 605 1203 667 ιιΑΧΥιιΕΡοΥΣ

445 740 557 814 δήποτε
574 741 760 817 κτείνεσθαι;
786 741 838 803 καὶ
856 740 946 804 πόθεν
963 740 1034 825 ἡμῖν
1055 739 1089 803 τό
1108 747 1209 823 νικᾴν,
1230 740 1282 802 καί
1302 739 1391 820 πόθεν
1407 740 1442 804 τό
1466 743 1538 832 ἀρι-

445 852 576 931 στεόειν;
595 855 620 917 εί
635 851 676 939 μη
696 840 782 925 οὗτος
801 846 860 931 δή,
875 852 1014 925 κάκεῖνος
1027 850 1078 913 καί
1099 849 1209 931 ἀλλος,
1223 859 1348 940 γενναῖα
1359 859 1413 927 τῆς
1424 850 1540 929 πόλεως

445 969 525 1038 ὄντες
545 961 721 1054 θρέμματα,
741 962 793 1024 καί
808 961 849 1023 τά
862 968 987 1051 τρορεῖα
1006 954 1069 1024 δεῖν
1083 955 1196 1034 εἰδότες
1217 958 1401 1025 ἀποτιννόειν
1417 969 1454 1050 τῇ
1473 987 1539 1027 πα-

443 1069 544 1166 τρίδι,
564 1076 606 1148 εἰς
623 1072 730 1137 ταυτὸν
743 1070 949 1156 συνελθόντες,
965 1069 1011 1134 ε’πὶ
1030 1075 1138 1160 καιροῦ
1153 1067 1399 1160 παρατάξαιντο,
1412 1074 1465 1137 καί
1483 1076 1542 1139 πά-

1105 1188 1119 1207 ›ae

444 1208 514 1262 σαις
538 1185 733 1276 ἀγωνίζοιντο
755 1183 956 1272 προθυμίαις,
977 1180 1073 1274 ὥςπερ
1095 1206 1158 1273 αρα
1183 1184 1236 1246 καί
1264 1182 1304 1246 τά
1328 1189 1378 1247 νῦν
1400 1182 1536 1274 γέγονεν.

443 1300 522 1385 Εχοι
544 1320 589 1371 τις
615 1296 696 1386 γάρ,
720 1287 745 1358 ὦ
768 1288 895 1384 ἀνδρες,
916 1295 1008 1358 εἰπεῖν
1027 1293 1068 1368 ὡς
1092 1289 1168 1382 δίχα
1186 1299 1244 1358 τῶν
1266 1293 1395 1360 πολιτῶν
1415 1297 1539 1382 ἡμῶνὴ

443 1407 585 1500 ἀριστεία
602 1414 645 1493 τῷ
660 1400 793 1497 γεννάδᾳ
810 1402 907 1491 τούτῳ
926 1402 1054 1484 συνέθη;
1069 1411 1153 1484 πῶς,
1172 1406 1224 1469 καί
1243 1405 1311 1469 τίνα
1323 1406 1453 1495 τρόπον,

492 1521 529 1582 Ei
547 1514 601 1604 μὲν
618 1517 677 1608 γὰρ
698 1519 762 1581 ἔστι
779 1515 830 1581 τόν
849 1515 1020 1606 στρατηγόν
1037 1523 1123 1598 νικᾷν
1140 1510 1217 1603 δίχα
1233 1524 1440 1607 στρατιωτῶν,
1461 1520 1539 1583 ἔστω

441 1632 549 1713 τοῦτο,
567 1628 620 1693 καί
640 1627 668 1692 οἱ
691 1626 813 1692 πολῖται
831 1624 1063 1690 κτεινέσθωσαν·
1084 1625 1137 1690 καὶ
1160 1625 1331 1717 στρατηγὸς
1353 1621 1396 1702 εἷς
1416 1626 1539 1719 ἀρκέσει

443 1740 499 1804 κάν
516 1734 623 1815 αὐτὸς1
640 1737 698 1803 κάν
717 1736 809 1812 ἀλλος
824 1743 862 1825 τῇ
878 1735 963 1800 πόλει
984 1735 1058 1828 πρὸς
1074 1736 1125 1800 τόν
1142 1726 1212 1800 κατ’
1232 1733 1348 1827 ἐχθρῶν
1366 1737 1540 1828 ἀγωνισμόν

442 1852 494 1914 καί
515 1850 567 1921 τὴν
584 1850 754 1940 ἀριστείαν.
769 1849 807 1911 Εἰ
827 1837 856 1910 δ’
879 1845 935 1912 οὐκ
952 1849 1017 1911 ἔστι
1033 1842 1110 1936 δίχα
1124 1845 1200 1912 λαοῦ
1218 1848 1469 1940 παρατάττεσθαι
1486 1851 1539 1914 καὶ

442 1965 574 2053 στρατοῦ
587 1953 696 2050 (τούτῳ
709 1958 770 2050 γάρ
784 1959 836 2023 καί
850 1957 1022 2049 στρατηγός
1035 1957 1217 2046 ὠνομάσθη,
1234 1965 1276 2044 τῷ
1289 1963 1376 2048 ἀγειν
1387 1960 1538 2050 στρατόν,

442 2072 573 2164 στρατὸς
590 2062 620 2136 δ’
633 2069 688 2135 οὐκ
701 2070 799 2143 ἀνείη
817 2077 855 2158 τῇ
870 2069 956 2135 πόλει
970 2071 1113 2160 γνόσιος,
1133 2072 1158 2134 εἰ
1179 2069 1221 2156 μὴ
1238 2064 1395 2156 ἡμεδαπὸς
1411 2073 1465 2135 καὶ
1481 2095 1541 2137 πο·

442 2175 560 2272 λίτης),
585 2186 643 2248 ποῦ
668 2178 788 2247 δίκαιον
814 2180 960 2273 ἐγχωρεῖν
981 2179 1077 2270 τούτῳ
1099 2180 1120 2252 ἢ
1143 2179 1245 2268 ἐκείνῳ
1263 2179 1392 2276 γονεύειν
1414 2176 1550 2263 πολίτην,

442 2295 494 2359 καί
514 2293 635 2386 θρέμμα
652 2300 706 2369 τῆς
723 2292 838 2369 πόλεως
848 2312 858 2374 ;

492 2402 615 2471 Φουεόει
629 2400 753 2492 δῆμος’·
768 2404 848 2470 ἀλλά
865 2405 947 2470 κατὰ
964 2405 1063 2495 κρίσιν
1076 2404 1128 2468 καί
1144 2404 1233 2491 νόμον
1245 2405 1378 2492 κείμενον
1390 2402 1536 2471 παλαιόν.

441 2495 619 2593 λίξεδώκατε
640 2517 692 2580 καί
717 2513 803 2605 ὑμεῖς
821 2518 863 2592 εἰς
880 2516 966 2606 ρόνον
983 2514 1119 2586 πολίτην·
1143 2514 1223 2581 ἀλλά
1239 2516 1320 2602 νόμῳ
1337 2522 1380 2602 τῷ
1398 2523 1452 2592 τῆς
1470 2519 1540 2608 ἀρι-

441 2630 543 2704 στείας
559 2628 740 2714 πειθόμενοι.
762 2625 884 2691 Φονεόει
902 2627 955 2692 καί
973 2616 1073 2702 οὗτος·
1090 2622 1144 2693 διά
1159 2628 1190 2691 τί
1199 2672 1209 2709 ,
1228 2621 1253 2692 ὦ
1270 2622 1397 2717 ἄνδρες,
1415 2622 1472 2693 διά
1488 2629 1519 2693 τί
1524 2649 1535 2709 3

441 2739 568 2830 Πότερον
597 2733 777 2801 δυναστείαν
804 2740 882 2826 ἔχων
911 2739 1102 2828 τυραννικήν,
1131 2737 1150 2808 ἢ
1183 2736 1427 2830 ἐκκεχωρημένον
1458 2741 1538 2806 ἔστιν

441 2848 526 2935 αὐτῷ
541 2839 613 2939 παρ’
632 2845 714 2934 ὑμῶν
730 2848 869 2938 πράττειν
889 2846 906 2913 ό
919 2872 948 2912 τι
960 2849 1011 2913 καί
1026 2845 1184 2935 βοόλοιτο,
1201 2850 1253 2914 καί
1268 2848 1399 2941 γονεύειν
1412 2850 1537 2924 πολίτην

440 2956 542 3023 ὅντινα
560 2957 640 3022 θέλοι
657 2947 730 3048 παρ’
746 2959 902 3027 ἡντιναοῦν
916 2958 1086 3048 πρόρασιν;Ι

489 3049 562 3160 Ιθγὼ
579 3064 631 3153 δέ,
656 3060 721 3132 οὐδ’
740 3068 776 3132 ἀν
794 3067 935 3161 ἀριστεὺς
952 3065 987 3141 ἦν
1012 3072 1157 3161 ἀρχῆθεν,
1182 3065 1267 3157 οἶμαι
1290 3066 1352 3136 δεῖν
1374 3067 1537 3140 ὑπολαθιῖν

440 3177 520 3267 ὑμᾶς
544 3179 648 3250 ἱκανὴν
672 3179 725 3250 τὴν
749 3181 906 3271 ἀριστείαν
926 3179 1040 3252 ἐκείνην
1060 3183 1135 3272 πρὸς
1158 3181 1192 3245 τό
1216 3178 1311 3257 οὕτως
1338 3185 1420 3270 ἔχειν
1445 3183 1537 3250 αὐτόν

440 3293 571 3382 ἀκρίτως
587 3292 639 3355 καὶ
659 3292 805 3368 ἀναιτίως
821 3291 951 3382 ρονειίειν
968 3291 1068 3357 όυτινα
1085 3289 1240 3370 βούλοιτο.
1257 3294 1315 3357 Καί
1333 3295 1363 3357 τί
1373 3317 1382 3373 ;
1402 3289 1536 3383 δημότου

439 3408 529 3469 τοῦτο
555 3405 607 3468 καί
637 3405 739 3493 νόμοις
762 3401 977 3491 ὑποκειμένου,
1005 3404 1084 3469 ἀλλά
1111 3404 1153 3492 μὴ
1177 3406 1322 3495 τυράννου
1347 3410 1458 3498 πικροῦ
1482 3406 1534 3472 καί

440 3516 672 3607 ἀπαραιτήτου,
688 3517 740 3581 καί
758 3516 847 3603 νόμον
860 3515 911 3580 τὸν
923 3516 1032 3606 τρόπον
1046 3517 1168 3603 ἔχοντος
1176 3535 1187 3596 ;
1203 3513 1361 3600 Φονεόεις,
1376 3518 1533 3608 ἄνθρωπε,

438 3626 488 3691 τὸν
504 3625 640 3697 πολίτην·
658 3627 710 3691 καί
729 3623 833 3711 βούλει
851 3625 1007 3717 φιλόπολις
1023 3625 1187 3717 λέγεσθαι,
1201 3621 1360 3717 ἀκρίτως’·
1374 3627 1427 3693 καὶ
1438 3626 1536 3720 λέγεις

438 3734 474 3799 οὐ
492 3740 702 3801 καταυθεντεῖν
717 3736 814 3824 νόμων
829 3744 882 3813 τῆς
900 3737 1038 3819 πόλεως;
1058 3740 1221 3822 ἀναιτίως,
1239 3739 1280 3813 ὡς
1293 3736 1353 3830 ἐγὼ
1371 3738 1462 3830 λέγω·
1483 3743 1534 3805 καί

438 3849 604 3939 προράσεις
620 3847 737 3937 πλάττῃ
757 3849 838 3912 κατὰ
855 3854 907 3913 τοῦ
927 3849 1072 3940 γείτονος.
1087 3849 1135 3920 Μὴ
1153 3850 1264 3934 τοίνυν,
1282 3844 1390 3941 ἀνδρες
1406 3849 1534 3941 φιλοπο-

440 3958 521 4024 λῖται
538 3960 590 4024 καὶ
606 3953 798 4050 φιλοπόλιδες
804 4005 814 4044 ,
835 3960 869 4024 τό
884 3967 961 4052 ἀγος
979 3966 1065 4025 τοῦτο
1083 3961 1135 4025 καί
1153 3959 1264 4032 ταύτην
1280 3960 1333 4031 τὴν
1349 3963 1542 4052 προςτροπίν

437 4065 662 4149 καταδέξησθε.
684 4070 780 4147 Φόνος
798 4068 947 4158 ἐτολμήθη
963 4071 1087 4137 πολίτου
1105 4072 1191 4163 παρόι
1202 4070 1346 4154 πολίτου,
1365 4072 1454 4165 ρόνος
1473 4069 1536 4138 δει-

473 4277 480 4303 ¹
494 4277 621 4340 Fortasse,
632 4277 707 4337 οὗτος.
1000 4280 1126 4329 Ciceronis
1142 4300 1154 4325 ι
1168 4281 1290 4345 regiones.
1306 4301 1318 4327 ι
1337 4281 1370 4330 De
1384 4281 1427 4331 Or.
1447 4285 1477 4341 2,
1493 4286 1534 4334 3⁴.

472 4353 778 4424 ’ὃυὴαὴτῶνκαλουμένων
783 4367 876 4428 χωρίων
884 4360 972 4423 ἀγωγθ
1034 4357 1044 4382 ³
1056 4359 1164 4410 pendent
1172 4364 1272 4429 ἀκρίτως
1283 4372 1308 4412 el
1319 4362 1451 4411 ἀντιτίωτο
1462 4362 1535 4409 verb·

436 4432 586 4485 Technicum
604 4438 690 4503 χωρίον
707 4453 787 4487 rarum
803 4447 849 4488 est.
868 4437 973 4486 Confero
1002 4440 1110 4504 ρονιὺεις.
