3684 5659
737 598 961 662 ΕΠΙΤΑΦΙΟΣ.

452 734 620 827 ἔγκεντρον1
638 732 778 801 ἐνδίδωσι
796 736 959 822 λημμάτων
977 732 1071 819 βάτον
1081 758 1091 816 ;

453 828 573 938 (lpnpe,
593 857 655 924 πῶς
673 852 815 912 τοσοῦτον
833 849 953 937 ηρεμεῖς
970 848 1089 937 χρόνον,

451 943 561 1023 λλιάδα
577 962 700 1051 γράφειν
718 983 751 1023 σε
769 954 910 1047 δευτέραν
929 953 995 1022 δέον

448 1071 501 1134 καὶ
521 1070 573 1140 τὴν
590 1072 724 1135 παλαιάν
741 1065 990 1161 δυςπραγοῖνσαν2
1006 1065 1166 1161 δακρύειν;

451 1183 475 1243 εἰ
493 1180 534 1266 μὴ
552 1182 611 1271 γάρ
628 1175 663 1251 ἦν
680 1179 790 1254 ἐκεῖνος
806 1179 835 1244 ἐν
853 1174 1053 1255 διδασκάλοις

450 1291 465 1354 ὁ
482 1295 531 1355 νῦν
551 1299 671 1356 σιωπῶν
691 1292 742 1355 καὶ
762 1285 917 1355 καθεύδων
935 1289 963 1354 ε’ν
980 1294 1085 1380 τάφῳ,

421 1382 424 1387 ’
451 1403 497 1476 τις
517 1403 553 1467 ει
568 1402 602 1466 ιι
621 1399 702 1485 paen
719 1410 771 1477 τῆς
787 1402 900 1477 πνοιῆς
917 1401 1012 1477 κιαι
1028 1401 1112 1492 νέφος

450 1513 541 1583 άνὴκε
559 1512 698 1603 λαμπράν
714 1520 767 1587 τῆς
784 1507 917 1602 γραφῆς8
939 1513 992 1581 τὴν
1008 1515 1147 1602 αἰθρίαν;

449 1628 510 1687 Νῦν
526 1624 577 1688 καὶ
597 1622 634 1688 σὺ
654 1627 704 1687 νῦν
722 1621 883 1705 τέθνηκας,
906 1617 1058 1714 ὦρέρωνὁ
1074 1624 1217 1689 Πλάτων·

450 1733 484 1798 οὐ
501 1735 560 1824 γάρ
580 1730 829 1821 μετεμψύχωσις,
850 1726 920 1795 οὐδὲ
937 1736 1116 1823 Σωκράτης,

449 1843 583 1935 γλώττης
599 1838 633 1907 δὲ
650 1842 797 1916 ταυτότης
815 1865 848 1905 σε
865 1843 917 1906 καὶ
935 1841 1042 1930 τέχνης
1059 1847 1170 1934 κράτος

448 1951 592 2042 i‘prrnoun'⁵
607 1955 749 2044 καθαρῶς
766 1954 919 2042 ὠργάνουν
936 1961 979 2039 τῷ
996 1954 1136 2041 κειμένῳ.

448 2046 660 2156 Ᾰριστότελες,
683 2058 760 2152 οἷρα6
774 2066 941 2150 κομπάζεις
959 2067 1023 2143 ἔτι;

447 2178 498 2242 καὶ
517 2175 574 2264 μὴν
591 2173 736 2266 κρυθήναι
755 2169 802 2237 δεῖ
818 2197 851 2237 σε
869 2175 921 2238 καὶ
941 2176 1028 2265 cayna
1045 2182 1144 2268 άρειν,

448 2280 620 2351 κλείσαντά
644 2289 757 2348 σαυτοῦ
775 2279 932 2371 δυςτυχώς
948 2284 988 2347 τὰ
1005 2281 1125 2367 plenta.
1356 2295 1396 2355 35

299 2544 323 2592 iu
346 2541 462 2593 Florentii
486 2538 593 2590 editione
614 2538 744 2594 lahuiana;
764 2553 786 2586 v.
806 2551 829 2585 c.
858 2535 914 2600 quia
922 2536 1081 2601 interpretem
1089 2555 1158 2590 suum
1170 2542 1287 2606 perdidit,
1296 2555 1321 2595 et
1330 2563 1395 2598 nunc

297 2637 323 2686 p.
336 2621 384 2671 502
395 2621 440 2670 :Ol
453 2623 505 2682 pes
518 2619 632 2687 ἐφιέμενοι
646 2628 687 2673 τῆς
701 2617 832 2674 ἐπιδείξεως
860 2613 924 2678 jacet
935 2631 983 2664 non
996 2617 1119 2667 intellectu
1131 2638 1153 2669 ιι,
1167 2619 1207 2670 W.

297 2703 439 2769 Ξενοφάνους
450 2702 560 2749 ἀκοῦσαι·
574 2701 636 2766 φιλεῖ
647 2704 693 2763 γὰρ
703 2697 832 2763 ἐπιῤῥειιῶς
895 2693 904 2718 ³
920 2695 1037 2759 Proponit
1050 2708 1080 2765 τῇ
1094 2711 1171 2768 νραρῇ
1183 2699 1223 2749 W.
1238 2700 1291 2751 sine
1305 2717 1395 2752 neces·

297 2780 360 2843 ἔχειν
369 2781 391 2836 ἔς
402 2785 433 2831 τὰ
444 2787 489 2827 τῶν
499 2779 651 2840 ἀκουσμάτων
660 2781 700 2822 καὶ
710 2779 832 2838 θεαμάτων
860 2771 940 2820 sitate.

297 2861 423 2924 καινότερα
440 2863 468 2907 τὸ
484 2858 639 2922 ἀνθρώπινον·
660 2855 682 2904 ol
702 2854 731 2902 δὲ’
745 2859 830 2908 τήν...
893 2849 979 2902 ‘Edu
1003 2853 1035 2911 B,
1057 2860 1139 2920 γέρων.
1162 2854 1272 2905 Placeret
1296 2857 1395 2923 quidem

296 2935 383 2986 Codex
395 2934 483 2994 Paris,
497 2941 580 2999 μιν...
598 2936 727 3000 ἀνθρώπιον
741 2932 774 2981 δι’.
790 2931 833 2980 Est
860 2928 936 2991 magis
946 2927 964 2978 ὦ
976 2937 1051 2998 γέρον.
1067 2933 1094 2981 ln
1107 2936 1126 2980 Α
1138 2948 1193 2982 esso
1202 2934 1297 2985 videtur
1307 2948 1395 3004 γηρῶν,

295 3013 428 3078 legendum
440 3015 592 3081 autpertum,
605 3011 721 3061 varietate
734 3009 831 3060 illorum
860 3006 925 3072 quod
946 3009 1022 3074 recipi
1042 3011 1175 3076 potuisset,
1198 3013 1218 3060 si
1243 3015 1342 3065 fuissem
1363 3015 1394 3065 de

297 3091 474 3157 adjectivorum
503 3100 631 3154 perpetua.
661 3089 728 3138 ldem
752 3088 830 3138 codex
859 3085 980 3149 scriptura
992 3090 1090 3139 certior.

297 3170 351 3220 aliis
364 3170 426 3221 locis
442 3177 570 3219 accentum
587 3167 709 3231 duplicem
722 3167 828 3217 exhibet.
892 3164 901 3188 ⁵
915 3181 927 3206 s
993 3167 1078 3216 Scribo
1091 3171 1216 3232 σύμπνουν,
1229 3171 1393 3232 conformem,

297 3249 529 3313 Nimiamesseputo
542 3246 607 3296 circa
618 3247 674 3295 talia
686 3246 831 3295 viridoctis-
858 3250 1043 3308 conspirantem.
1068 3245 1160 3312 Nempe
1181 3247 1236 3312 styli
1260 3248 1393 3298 similitudo

296 3327 351 3376 simi
368 3325 526 3390 diligentiam.
540 3323 609 3386 Quod
620 3323 730 3375 exhibuit
743 3341 768 3388 p.
783 3325 829 3372 507
858 3332 883 3370 et
895 3323 952 3371 artis
966 3324 1095 3373 rhetoricae
1109 3325 1189 3374 studia
1204 3327 1328 3376 Platonem
1340 3328 1395 3376 red-

296 3403 439 3457 adterbiurn
471 3403 638 3467 ἂμοιθαδάν
666 3417 714 3452 non
744 3403 831 3467 opinor
858 3400 918 3448 dunt
937 3417 990 3450 cnm
1007 3402 1156 3467 Pachymerc
1174 3405 1391 3466 conspirantem».

295 3499 362 3548 saepe
376 3482 472 3532 obvium
487 3481 560 3530 luisse
573 3479 630 3530 viris
643 3479 721 3530 doctis
733 3481 773 3547 qui
787 3496 831 3530 co·
858 3477 899 3527 W.
929 3479 1124 3530 probabilissima
1145 3480 1306 3530 Wernsdorlii
1330 3498 1394 3532 con·

295 3563 364 3612 dices
386 3571 499 3611 accurate
520 3559 662 3623 inspiciunt.
688 3559 831 3625 Plerumque
854 3555 959 3621 jectnra.
973 3557 1080 3607 Delacili
1095 3559 1275 3623 permutatione
1287 3560 1394 3625 syllaba-

295 3642 362 3692 circa
372 3637 505 3704 particulas
519 3643 571 3702 μέν,
584 3639 619 3699 δέ,
631 3638 660 3687 ἄν
672 3637 712 3686 ille
726 3636 830 3701 duplicis
857 3635 913 3684 bam
929 3655 953 3684 ιν
970 3646 995 3685 et
1012 3655 1065 3696 συν,
1086 3636 1221 3702 praesertim
1239 3639 1395 3701 praecedente

294 3728 412 3769 accentus
422 3733 480 3767 usus
493 3716 642 3766 continetur.
857 3713 938 3762 littera
951 3714 1041 3778 sigma,
1057 3726 1084 3764 ut
1100 3715 1140 3764 hic
1159 3716 1182 3764 iu
1196 3735 1235 3773 τις
1253 3719 1295 3781 ἐμ,
1311 3720 1394 3768 monui

329 3793 592 3862 ¹ProponitWernsd.
606 3797 739 3862 ἐγκέντρων.
752 3791 783 3840 Et
794 3800 832 3841 est
858 3792 889 3842 ad
905 3793 1016 3858 Theoph.
1032 3795 1124 3844 Simoc.
1142 3811 1168 3859 p.
1187 3797 1252 3856 2633
1267 3809 1394 3848 monuerat

294 3875 395 3942 quidam
406 3876 532 3941 ipnlsrpnn
546 3878 625 3942 βάτων
641 3873 665 3920 in
680 3869 754 3920 Philae
772 3885 831 3918 car·
858 3881 883 3919 et
896 3871 1012 3922 Scbaelcr.
1033 3873 1058 3921 iu
1076 3873 1182 3923 llattbiae
1201 3876 1344 3926 Praefationc
1362 3876 1394 3925 ad

292 3954 361 4004 mine
370 3953 402 4003 de
412 3953 501 4002 Flantis
512 3969 536 4002 v.
546 3953 610 4012 273,
622 3948 700 4000 sedin
711 3948 829 3998 clausula.
857 3948 955 3999 Homeri
967 3951 1073 4016 Hymnos
1089 3961 1208 4001 extrema.
1223 3952 1329 4017 Symeon
1344 3953 1393 4002 Se-

293 4031 426 4082 Numerum
457 4029 606 4095 syllabarum
637 4025 829 4086 duodenarium,
857 4027 892 4077 tbi
907 4028 1000 4079 lcbncl.
1016 4047 1042 4094 p.
1060 4030 1105 4078 120
1118 4048 1124 4077 ι
1137 4034 1238 4080 λαθοῦσα
1255 4037 1307 4087 τοὺς
1324 4051 1392 4081 νεοσ-

293 4119 351 4160 ante
365 4110 425 4159 alias
436 4109 518 4174 leges,
531 4107 644 4158 observat
654 4104 752 4171 quidem
766 4119 828 4168 poe-
857 4114 908 4164 σονς
928 4113 968 4156 σὺν
986 4120 1015 4176 τῇ
1036 4112 1111 4175 polee
1132 4111 1243 4164 ἀπῆλθεν.
1267 4109 1347 4173 Lego,
1368 4111 1390 4158 ἐν

293 4199 384 4248 tanter3
397 4185 473 4237 nolim
487 4197 567 4236 tamen
581 4183 615 4234 illi
630 4181 771 4248 spondaeum
785 4197 829 4230 se·
857 4197 887 4254 τῇ
901 4202 927 4252 ρ.

292 4267 381 4318 cundae
403 4265 468 4316 sedis
490 4274 540 4316 tam
560 4278 657 4329 gravem
679 4260 827 4319 obtrudere,
890 4261 1002 4323 ⁰codd„
1015 4263 1071 4328 ἄρα.

291 4346 429 4412 presertim
440 4345 507 4396 nullo
517 4342 643 4395 sententiae
654 4339 826 4391 emolumento.
891 4340 899 4365 ⁷
915 4340 990 4398 Edd,
1006 4345 1131 4392 νἰὺσαντα.
1149 4361 1159 4384 ν
1172 4341 1235 4404 Quid
1253 4353 1290 4392 est
1306 4347 1393 4394 elnen-

326 4422 336 4449 ²
352 4443 364 4468 ι
383 4423 439 4473 llias
455 4422 553 4474 Homeri
569 4420 657 4470 dicitur
674 4419 827 4482 calamitosa,
856 4430 901 4468 tem
913 4418 1006 4469 libros?
1019 4419 1084 4484 Lege
1096 4425 1227 4470 κλείσαντα.
1240 4421 1334 4486 Nempe
1348 4439 1392 4474 va·
