3684 5659
762 619 827 683 ΚΑΙ
854 620 1073 684 ΦΙΛΑΓΡΙΟΣ.
1390 617 1462 689 305

422 744 501 846 ρπζ’.
529 753 696 827 Δύσκολος1
718 755 904 848 ἀστρολόγος
925 753 1036 833 παιδὸς
1056 763 1179 848 νοσεροῦ
1200 755 1329 849 γένεσιν’
1349 759 1460 851 λέγων,

372 864 569 955 πολυχρόνιον
583 861 689 930 αιίτόν8
701 874 738 954 τῇ
755 868 841 956 μητρὶ
858 867 898 942 ὡς
912 866 1184 958 ἐπαγγειλάμενος,
1200 875 1264 960 ᾔτει
1278 871 1327 935 τὸν
1341 873 1461 958 μισθόν.

372 979 433 1050 Τῆς
453 970 487 1039 θὲ
509 973 667 1058 εἰπούσης,
684 978 704 1031 ι(
721 954 844 1040 Ιίλθόντι
862 984 910 1040 σοι
929 979 1032 1068 αὔριον
1054 973 1143 1042 δώσω
1161 1004 1194 1062 ν,
1214 983 1285 1072 ἔφη·
1306 983 1372 1045 «Τι’
1392 974 1461 1059 aim

373 1084 426 1149 ε’ἀν
442 1086 494 1155 τὴν
511 1084 605 1150 νύκτα
622 1088 776 1174 ἀποθάνῃ,
797 1088 848 1150 καί
867 1085 992 1176 ἐγώτὸν
1009 1089 1115 1173 μισθὸν
1131 1086 1250 1154 ἀπολῶ*
1263 1114 1298 1168 υ;

423 1291 502 1391 ρπη’.
523 1297 694 1364 Δυσκόλουε
711 1304 852 1391 κεράμιον
870 1300 988 1388 μέλιτος
1004 1304 1229 1394 ἀγοράσαντος,
1247 1308 1298 1370 καί
1312 1305 1371 1371 ὑπό
1386 1332 1465 1385 τινος

373 1409 570 1501 ἐρωτηθέντος
583 1413 678 1476 πόσου
694 1407 885 1503 ἀγοράσατε,
899 1413 1112 1504 καταστρέφων
1127 1415 1160 1478 τό
1174 1417 1329 1507 κεράμιον,
1347 1417 1462 1509 ἔλεγεν·

374 1545 390 1578 κ
408 1518 495 1587 Ούτω
514 1547 572 1609 μου
589 1519 746 1610 ἐκχυθείηί
761 1523 794 1586 τό
812 1517 908 1609 αἷμα,
930 1522 981 1587 ε’ἀν
999 1530 1071 1588 ε’ίπω
1089 1522 1158 1611 ὑμῖν
1170 1549 1199 1589 ν.

424 1725 502 1827 ρπθ.
530 1732 624 1827 Πρός8
648 1733 793 1802 δύσκολον
815 1740 971 1828 ἄρρωστον
995 1739 1097 1829 ἰατρὸς
1120 1741 1286 1830 προςελθὼν
1307 1743 1466 1834 προςέταξε

375 1843 486 1936 ψιγία9
498 1848 573 1933 μετά
585 1849 742 1940 στρουθίου
754 1856 874 1939 φαγεῖν.
888 1849 947 1911 Καὶ
957 1848 972 1911 ὁ
983 1843 1130 1925 δύσκολος
1140 1847 1215 1915 εἷπε·
1230 1858 1321 1929 «Πῶς
1334 1850 1466 1942 θύναμαι

375 1961 420 2033 εἰς
441 1958 475 2022 τό
500 1955 664 2023 κλουθιόν10
686 1958 845 2042 εἰσελθεῖν,
872 1958 921 2022 ἵνα
944 1961 1032 2049 φάγω
1055 1962 1132 2045 μετά
1152 1967 1206 2025 τοῦ
1228 1963 1410 2052 στρουθίου“
1428 1969 1485 2032 τά.

376 2065 505 2158 ψιχίθια
519 2093 552 2147 ν;

410 2401 505 2452 'Abest
518 2401 549 2450 ab
566 2402 589 2451 M
608 2412 633 2450 et
646 2402 664 2451 P
677 2440 683 2460 ‚
698 2412 723 2450 et
736 2401 800 2451 Edd.
822 2402 864 2450 Est
876 2403 907 2450 39
936 2422 976 2458 σας
995 2412 1095 2465 συνεχῶς
1114 2404 1220 2468 ἐρωτᾶτο
1235 2404 1279 2468 (sic
1295 2415 1320 2453 et
1333 2403 1403 2455 Voss.
1422 2425 1468 2472 pm

375 2483 399 2530 in
422 2481 514 2546 Apogr.
535 2479 604 2530 Voss.
626 2490 651 2529 et
671 2479 729 2534 Rh.,
753 2480 794 2529 ubi
815 2500 821 2529 ε
843 2482 907 2530 δύσκ.
935 2483 1066 2547 ἠρ.)πόσον
1075 2485 1184 2548 ἠγόρασε.
1193 2488 1255 2530 Κατ.
1266 2479 1304 2532 οὖν
1317 2490 1343 2533 τό
1353 2505 1401 2552 κερ.
1414 2487 1467 2554 ἔφη·

375 2565 518 2628 ἀστρονόμος
543 2581 570 2609 π.
601 2567 697 2627 νοσηρσῦ
717 2566 803 2622 γένεσιν
825 2558 907 2619 (Voss.
935 2556 1014 2614 Οὕτως
1031 2564 1125 2621 χνθήτω
1143 2578 1189 2622 μου
1206 2567 1233 2609 το
1254 2562 1332 2624 αἷμα,
1350 2564 1390 2612 ἐὰν
1408 2567 1467 2614 εἴπω

374 2637 487 2702 γέννησιν)
504 2641 575 2689 εἰπὼν
591 2644 644 2688 πολ.
659 2639 749 2688 ἔσεσθαι
765 2640 908 2701 ἐπαγγελλό-
935 2643 990 2700 ἡμῖν
1004 2635 1084 2699 (Voss.
1097 2635 1162 2685 bene
1175 2637 1249 2702 ὑμῖν).

374 2737 442 2782 μενος
452 2716 531 2781 (Voss.
545 2719 745 2780 ἐπαγγειλάμενος·
760 2715 835 2765 voluit
848 2715 907 2764 dare
967 2714 1024 2771 Ἥ,
1038 2719 1160 2782 ἠγόρασεν.

374 2799 577 2859 ἐπαγγειλάμενος,
586 2795 651 2860 quod
661 2794 759 2860 conjicit
766 2795 908 2860 Anonymus
972 2791 980 2816 ²
992 2793 1029 2849 M,
1040 2795 1135 2859 ἐκχυθῇ.

374 2873 490 2937 Rhoerii),
500 2881 552 2943 ᾔτει
560 2895 584 2924 τ.
594 2895 622 2938 μ.
631 2884 671 2930 τῆς
682 2874 707 2922 δὲ
716 2879 816 2940 μητέρος
825 2872 904 2937 (Voss.
969 2869 1033 2920 ’En
1048 2863 1093 2918 11'9
1107 2869 1132 2918 in
1146 2869 1185 2929 M,
1205 2870 1249 2917 104
1262 2871 1286 2920 in
1301 2873 1327 2924 P.
1343 2873 1417 2926 Deest
1427 2893 1468 2926 re-

373 2959 482 3021 μητέρος.
498 2951 546 3001 Sed
567 2953 631 3001 maie
649 2953 737 3001 lectam
755 2952 828 3002 fuisse
847 2961 906 3017 puto
934 2950 1015 3016 liquis.

374 3046 459 3081 vocem
468 3029 640 3094 compendiose
649 3030 774 3095 scriptam.
787 3030 846 3094 Leg.
859 3052 907 3093 μη·
968 3028 978 3054 ⁰
989 3030 1026 3088 Μ,
1042 3037 1115 3095 ψυχία
1124 3068 1131 3092 ,
1141 3040 1166 3078 et
1178 3028 1277 3078 inferius
1288 3034 1395 3096 φυχίόια.

375 3115 438 3178 πρός.
455 3109 483 3158 ln
501 3108 610 3174 Epistola
628 3109 697 3173 Myiae
720 3108 903 3174 Pythagoricae:
969 3107 1038 3166 ὀΜ.
1054 3113 1086 3166 εἰς
1096 3113 1208 3159 κλουθίου.
1219 3108 1371 3161 Herodianus
1385 3110 1465 3177 Epinr.

374 3194 485 3252 γενομένᾳ
498 3207 535 3237 τοι
550 3193 624 3254 ματρὶ
639 3189 730 3237 παίδων
743 3189 801 3237 τάδε
813 3208 906 3254 παραι-
934 3203 960 3252 p.
988 3189 1020 3235 72
1036 3204 1042 3235 z
1056 3192 1142 3245 κλωθὸς
1167 3195 1207 3236 καί
1228 3192 1332 3238 κλωθίον,
1355 3189 1390 3239 lbi
1413 3207 1466 3240 mea

372 3271 424 3326 νέω.
437 3266 520 3314 lnveni
533 3271 622 3330 ματέρι
637 3265 660 3311 in
675 3264 773 3323 codice,
786 3266 851 3330 quod
863 3280 905 3313 ne·
934 3275 1001 3313 nota.
1016 3264 1123 3330 Corayus
1141 3266 1172 3314 ad
1188 3265 1274 3330 AEsop.
1286 3282 1313 3330 p,
1328 3268 1376 3316 440
1387 3287 1393 3317 ε
1404 3273 1468 3319 κλω-

372 3341 525 3409 gligendum.
543 3341 614 3389 Philo
633 3341 668 3389 De
687 3342 736 3390 col.
758 3358 813 3407 par.
833 3341 849 3406 ς
870 3345 902 3390 6:
933 3345 972 3398 6ος
985 3343 1081 3408 ὀρνίθων
1096 3346 1184 3406 οἴκημα
1199 3345 1338 3410 δρυφάκτοις
1355 3353 1467 3413 περιεχό-

372 3427 436 3486 μόνῳ
450 3423 563 3486 πατέριή
576 3425 634 3487 μόνῃ
647 3426 742 3487 μητέρι.
756 3420 906 3485 Compendia
933 3433 1010 3482 μενον·
1029 3420 1078 3470 ὅθεν
1095 3428 1122 3470 τὸ
1145 3423 1167 3468 ἐν
1186 3427 1294 3484 συνηθείᾳ
1313 3427 1408 3472 κλωθίου
1427 3433 1466 3474 καὶ

373 3503 397 3550 in
409 3514 483 3548 eausa
493 3499 567 3548 fuisse
579 3497 692 3547 videntur
705 3513 748 3547 cur
759 3499 823 3547 male
834 3515 906 3547 voca·
934 3501 1036 3547 κλουέίου
1059 3498 1181 3562 Corayus,
1192 3513 1240 3544 non
1252 3496 1301 3560 jam
1313 3498 1466 3560 scholiastes,

373 3578 430 3628 bula
448 3578 599 3641 legerentur,
615 3592 669 3642 quae
686 3577 739 3641 ipse
756 3576 825 3626 Philo
845 3594 907 3642 pro-
934 3576 977 3624 sed
992 3586 1076 3625 auctor
1088 3575 1151 3640 ipse,
1166 3574 1206 3624 Αε.
1219 3575 1287 3639 θ,ρ.
1298 3578 1349 3638 ξγί
1363 3583 1394 3628 τὰ
1408 3599 1467 3628 πτε-

373 3654 500 3705 nuntiabat
519 3663 595 3722 πατρί
619 3664 644 3704 et
666 3657 757 3722 μητρί)
782 3659 904 3717 εἰπούσης,
933 3661 1000 3722 ρωτά
1010 3661 1086 3704 ταῦτα
1095 3653 1253 3717 λόγια,εὒθὺς
1263 3656 1324 3703 ἀποΰ
1335 3661 1466 3716 πετάξωσιν

371 3733 454 3802 Αὔριον
472 3736 552 3794 δώσω,
564 3741 594 3783 Τι’
611 3729 663 3793 ὀὖνς
679 3734 731 3802 ἔφη·
745 3735 784 3782 ἐὰν
796 3744 826 3802 τῇ
841 3741 904 3784 νυκτὶ
934 3737 980 3784 ἀπὸ
999 3742 1026 3784 τὸ
1047 3739 1140 3798 στόμα,
1156 3737 1185 3790 ὡς
1204 3740 1236 3783 τὰ
1254 3735 1400 3799 ἀπολυόμενοι
1419 3740 1466 3788 ἀπὸ

374 3816 456 3873 οἰποθ.,
467 3815 511 3877 ἐγὼ
524 3835 548 3864 τ.
562 3835 588 3877 μ.
602 3816 721 3870 ἀπολέσω;
933 3816 1028 3862 κλωὸίον
1042 3817 1135 3869 πωλία,
1151 3813 1188 3860 δέν
1207 3811 1268 3861 εἷναι
1287 3814 1354 3863 πλόον
1374 3818 1406 3872 εἰς
1424 3825 1466 3873 τὴν

405 3890 415 3917 ¹
427 3890 463 3948 Α,
477 3897 589 3954 γέννησιν.
599 3891 695 3940 Praeruli
710 3891 797 3954 γένεσιν
810 3906 840 3940 ex
855 3890 901 3941 Rh.
932 3895 1037 3948 ἐξουσίαν
1050 3912 1097 3955 μας
1108 3897 1136 3940 νὰ
1148 3880 1179 3940 τὰ
1193 3893 1385 3956 ἰπαναλόιὸωμεν.
1396 3894 1467 3943 Adde

373 3969 464 4018 {lorum
476 3974 577 4031 γέννησιν
588 3965 605 4032 §
615 3964 657 4017 σθ’,
932 3970 1026 4021 Knoch.
1038 3971 1069 4020 ad
1080 3970 1152 4019 Babr.
1171 3986 1198 4034 p.
1213 3971 1268 4020 122.

405 4044 415 4070 ⁸
425 4049 461 4105 Α,
474 4047 539 4096 αὐτό.
554 4046 644 4112 Scripsi
658 4045 738 4096 αὐτόν.
967 4048 1152 4112 ⁴¹lateiligebat
1161 4048 1270 4097 medicus
1277 4045 1377 4096 herbam
1387 4067 1468 4114 στρου-

404 4123 460 4184 *Α,
488 4127 599 4182 ἀπόλλω;
621 4124 709 4175 Facilis
737 4124 780 4174 fuit
804 4123 904 4174 mutatio
933 4131 990 4185 θέον,
1000 4125 1031 4175 de
1041 4142 1089 4190 qua
1103 4124 1271 4180 Dioscorides,
1288 4125 1388 4184 2,193.
1404 4127 1465 4176 Num

374 4205 463 4253 ἀπολῶ.
475 4203 555 4253 Malim
565 4214 645 4253 tamen
660 4206 765 4253 ἀπολέσω
780 4218 810 4251 ex
822 4201 870 4253 Rh.
932 4205 1094 4254 recentiorum
1106 4205 1254 4267 saponaria?
1266 4202 1335 4253 Adde
1344 4204 1463 4271 eorayum

406 4280 470 4330 ‘Est
485 4283 529 4330 118
544 4281 568 4329 in
587 4281 624 4340 M,
642 4283 686 4330 103
702 4282 724 4330 in
742 4280 769 4332 P.
783 4280 858 4330 Abest
873 4280 904 4329 ab
933 4283 1035 4341 Αεοοείσ,
1053 4284 1083 4341 4,
1102 4282 1160 4330 505.
1175 4281 1249 4344 AEger
1268 4293 1348 4332 autern
1367 4284 1398 4334 de
1420 4301 1465 4335 ave

374 4358 438 4408 Edd.
458 4358 502 4408 Eat
521 4361 552 4407 40
572 4361 596 4409 in
614 4365 705 4426 Apogr.
721 4360 788 4409 Voss.
808 4359 903 4418 etRh.‚
932 4377 1032 4427 passere
1057 4359 1152 4409 edenda
1175 4358 1221 4407 sibi
1251 4362 1351 4427 praecipi
1376 4364 1465 4428 opina-

372 4437 432 4487 ubi:
451 4439 558 4496 δύσκολος
573 4442 666 4504 μέλιτος
685 4444 794 4507 κεράμιον
813 4441 905 4505 ἀγορά·
932 4439 1011 4488 batur.

1304 4520 1344 4582 39
