3684 5659
376 612 445 693 ⁴86
710 628 745 688 r.
774 626 848 687 mn
872 621 1130 688 nnxmnnom

372 760 588 852 ταψηφίζοιντο
605 759 658 832 τὴν
673 760 797 852 ἀργίαν,
818 757 950 825 ἐντεῦθεν
968 759 1072 850 ἀργεῖν
1088 756 1186 846 ὑμᾶς,
1204 759 1257 824 καί
1277 753 1373 848 μηδὲν
1391 755 1466 846 βιά-

373 873 493 947 ζεσθαι.

420 957 540 1070 ίίχομεν
557 975 701 1047 δεικνύειν
717 980 770 1051 τὴν
787 978 935 1072 ἡμετέραν
953 975 1088 1051 σπουδὴν
1108 981 1161 1045 καί
1180 981 1231 1046 τόν
1247 976 1321 1072 ὑπὲρ
1336 988 1393 1058 τῆς
1407 981 1466 1047 πό-

370 1093 446 1168 λεως
470 1091 559 1167 ζῆλον
582 1088 614 1168 ἐξ
638 1084 678 1156 ὧν
706 1090 764 1180 οὐχ
792 1090 908 1167 ἑκόντες
939 1098 1090 1182 σιγῶμεν,
1116 1089 1184 1157 ἀλλ’
1215 1096 1359 1172 ἄκοντες,
1391 1088 1467 1158 οὕτω

371 1199 602 1268 δικαιωσάντων
616 1208 675 1266 τῶν
692 1198 876 1286 βουλευτῶν.
898 1202 958 1266 Καί
981 1201 1015 1266 τὸ
1038 1200 1168 1267 ἐντεῦθεν
1183 1203 1255 1289 ἡμῖν
1270 1200 1337 1288 μέν,
1356 1201 1409 1266 καί
1426 1202 1467 1290 μὴ

371 1310 523 1402 λέγουσιν,
549 1311 640 1376 ἱκανά
657 1312 697 1377 τά
713 1320 767 1387 τῆς
783 1310 953 1402 ἀπολογίας
969 1310 1043 1402 πρὸς
1058 1313 1193 1387 πάντας·
1214 1310 1318 1386 αὐτοῖς
1339 1305 1375 1375 δέ
1392 1332 1466 1376 σκε-

370 1421 459 1487 πτέον
473 1421 681 1510 ζημιουμένοις
692 1429 747 1498 τῆς
763 1419 796 1486 ἐκ
811 1428 870 1485 τῶν
883 1420 1000 1486 πολλῶν
1015 1420 1172 1512 ὠφελείας,
1187 1422 1218 1485 τί
1234 1421 1271 1486 ἀν
1287 1421 1341 1485 καί
1359 1419 1469 1487 ἀπολο-

371 1541 472 1624 γοῖντο
488 1532 562 1623 πρὸς
577 1531 647 1608 τοὺς
663 1530 900 1619 πυνθανομένους
916 1538 982 1606 πῶς
999 1527 1177 1622 παριδόντες
1198 1530 1326 1608 πολίτας
1347 1532 1465 1617 εὔνους,

371 1644 411 1708 τά
435 1650 494 1707 τῶν
518 1650 712 1734 συκοφαντῶν
735 1641 911 1734 ἐπίπροσθεν
937 1641 1050 1728 θέντες,
1078 1643 1132 1714 τὴν
1161 1638 1186 1719 ’ξ
1207 1641 1308 1709 αὐτῶν
1323 1640 1468 1734 ὠφέλειαν

372 1751 495 1845 φέρουσι
513 1752 717 1842 ζημιούμενοι.

759 2187 997 2277 ΜΕΛΕΤΗ
1023 2185 1068 2275 I'.

372 2429 474 2518 λ’ἶταίρα
488 2444 592 2518 χρυσία
610 2441 633 2494 εἰ
649 2444 755 2518 φοροίη,
775 2435 907 2516 δημόσια1
922 2441 1003 2495 ἔστω.
1020 2444 1179 2517 Περώροιταί
1191 2458 1231 2504 τις
1243 2439 1339 2518 ἓταίρα
1353 2434 1466 2518 φοροῦσα

413 2541 534 2616 χρυσία,
553 2541 599 2590 καί
616 2532 746 2612 δημοσίαν
763 2541 803 2600 τίς
820 2556 897 2611 φησιν
913 2533 967 2592 ἀπὸ
982 2541 1067 2611 νόμων
1086 2532 1163 2590 εἶναι.
1181 2523 1203 2590 ὁ
1223 2531 1252 2590 δὲ
1268 2541 1362 2614 παρὼν
1376 2535 1464 2605 οὗτος,

414 2632 442 2689 ὃν
456 2627 627 2709 μελετῶμεν’,
641 2633 688 2687 οὐκ
702 2632 783 2694 αὐτὴν
797 2629 864 2688 εἶναι
876 2628 1007 2707 δημοσίαν
1025 2637 1114 2706 φησίν,
1129 2629 1197 2686 ἀλλὰ
1210 2633 1247 2686 τδι
1262 2637 1385 2710 χρυσία,
1401 2652 1467 2712 προ-

413 2729 596 2808 παροξυτόνως
610 2728 796 2806 ἀναγινώσκων
804 2724 825 2785 ⁸.

420 2957 553 3026 Momm*
569 2959 621 3049 μὲν
639 2955 689 3027 οὖν
707 2960 776 3028 οὐδὲ
793 2959 898 3054 δώρων
915 2961 1003 3027 ἕνεκα
1016 2961 1129 3034 ταύτην
1143 2962 1198 3032 τὴν
1215 2962 1333 3054 γραφὴν
1351 2961 1466 3035 ἐνεστη-

374 3073 474 3159 σάμην
489 3068 562 3162 ὑπὲρ
578 3081 631 3147 τῆς
647 3070 721 3147 τέως
739 3068 889 3148 δοκούσης
902 3074 1032 3160 ἀτίμου·
1049 3072 1116 3138 ἀλλ’
1135 3068 1240 3143 ἐπειδὴ
1254 3073 1357 3161 νόμοις
1372 3079 1468 3165 είργε-

373 3207 425 3246 ται
439 3190 492 3257 τῆς
506 3182 635 3248 ἐνταῦθα
647 3178 801 3274 παρόδου,
823 3185 896 3275 γυνή
914 3207 950 3274 γε
969 3176 1047 3248 οὖσα
1060 3184 1112 3249 καί
1132 3182 1263 3275 ἑταιρίς,
1283 3183 1467 3275 ὡμολόγησα

373 3291 487 3384 ταύτῃ,
507 3295 547 3370 ὡς
562 3294 599 3359 ἀν
614 3289 677 3370 οἷός
692 3317 724 3358 τε
742 3288 765 3359 ὦ
774 3340 783 3378 ,
804 3304 953 3386 συνερεῖν·
974 3304 1106 3387 συνερεῖν
1120 3291 1154 3359 δέ
1169 3293 1227 3382 οὐχ
1240 3291 1313 3385 ὑπὲρ
1331 3287 1373 3359 ὧν
1387 3291 1468 3371 ἅπαξ

374 3399 505 3468 δέδωκεν
535 3402 643 3475 ἑαυτὴν
673 3405 792 3490 ἀτίμοις
820 3405 930 3468 πάθεσι
955 3406 1173 3496 πιπράσκουσα
1198 3404 1251 3474 τὴν
1280 3398 1363 3469 ίδίαν
1390 3403 1468 3496 ὥραν

373 3515 537 3604 λημμάτων
562 3519 716 3608 αἰσχρῶν,
745 3524 808 3591 τοῖς
833 3511 1027 3602 βουλομένοις
1052 3511 1197 3595 ἔκδοτος,
1225 3514 1294 3580 ἀλλ’
1319 3508 1360 3580 ὧν
1380 3519 1468 3608 χοίριν

374 3626 534 3718 ἐλευθέρως
547 3624 672 3712 βιοῦσα,
688 3628 740 3691 καὶ
756 3634 814 3691 τῶν
826 3626 967 3713 κειμένων
978 3628 1077 3714 νόμων
1086 3625 1200 3692 ἐπαίειν
1212 3629 1326 3699 ἥκιστα
1337 3626 1466 3718 ἔχουσα,

374 3739 476 3827 φθόνει
499 3741 687 3825 κοσμήσασα
711 3735 819 3809 ἑαυτὴν
840 3739 997 3829 χρυσίοις,
1024 3740 1075 3803 καί
1098 3738 1221 3815 πολλοῖς
1243 3739 1391 3830 ὁραθεῖσα
1412 3763 1468 3832 φο-

407 3976 520 4029 ‘Codex
554 3978 603 4038 sio,
632 3977 748 4045 δημόσῖα,
780 3977 904 4029 indicandi
933 3978 1007 4042 dnm,
1027 3980 1068 4046 qni
1085 3979 1209 4030 rhetorice
1230 3982 1297 4032 volet
1314 3982 1468 4049 Pachynon}

374 4071 447 4107 caum
459 4057 596 4125 ambiguam
613 4073 667 4109 esse
681 4058 905 4123 pronuntiationem
933 4059 1141 4109 Declamationem
1149 4058 1271 4124 judicare.
1282 4060 1345 4110 Vide
1354 4074 1379 4112 οι
1387 4062 1414 4113 S.
1427 4062 1468 4112 Po·

373 4134 441 4184 istius
450 4135 576 4197 vocabuli,
588 4137 653 4203 quod
662 4138 739 4203 possit
747 4152 801 4186 esse
812 4136 907 4201 plurale
934 4139 971 4189 tit.
984 4139 1061 4204 Legg.
1077 4140 1128 4187 λιι.
1143 4155 1168 4202 p.
1186 4140 1244 4189 576.

373 4222 485 4263 neutrum
495 4252 501 4274 ,
513 4215 551 4265 vel
561 4215 683 4282 singulare
692 4215 852 4266 foemininum.
862 4213 906 4263 Ar·
969 4215 1025 4267 'De
1036 4223 1170 4282 μελετῶμεν
1180 4234 1207 4283 p.
1220 4218 1281 4280 159,
1294 4234 1320 4268 n.

372 4292 542 4355 gumentumid
550 4293 628 4359 ipsum
637 4295 907 4357 exhibotflormogenes
968 4293 1083 4346 ³sehon:
1095 4301 1109 4352 ἡ
1122 4301 1218 4354 στάσις,
1229 4298 1370 4366 ἀμριΰολία.

372 4373 427 4434 Περὶ
438 4374 551 4430 στάσεων,
563 4373 643 4436 capite
657 4376 703 4433 14,
718 4371 784 4437 quod
800 4381 838 4421 est
852 4376 905 4437 περὶ
967 4370 1088 4423 *δείκηλα
1102 4383 1226 4443 προοίμιον
1242 4378 1267 4434 ἐξ
1282 4375 1416 4443 ὑπολήψεως
1429 4381 1467 4426 τοῦ

373 4448 527 4515 ιἰρριὸιλῖας,
548 4449 643 4514 eritque
662 4450 748 4500 lectori
774 4450 906 4500 conform·
934 4450 1129 4516 ἀπολογουμένου.
