<?xml version="1.0" encoding="UTF-8"?>
<!DOCTYPE html PUBLIC "-//W3C//DTD XHTML 1.0 Transitional//EN"
    "http://www.w3.org/TR/xhtml1/DTD/xhtml1-transitional.dtd">
<html xmlns="http://www.w3.org/1999/xhtml" xml:lang="en" lang="en">
 <head>
  <title>
</title>
<meta http-equiv="Content-Type" content="text/html;charset=utf-8" />
  <meta name='ocr-system' content='tesseract 3.04.00' />
  <meta name='ocr-capabilities' content='ocr_page ocr_carea ocr_par ocr_line ocrx_word'/>
</head>
<body>
  <div class='ocr_page' id='page_1' title='image "./gpachymerisdecl00hiergoog_0133.png"; bbox 0 0 3684 5659; ppageno 0'>
   <div class='ocr_carea' id='block_1_1' title="bbox 335 596 1479 2051">
    <p class='ocr_par' dir='ltr' id='par_1_1' title="bbox 335 596 1479 1495">
     <span class='ocr_line' id='line_1_1' title="bbox 812 596 1478 676; baseline 0.008 -5"><span class='ocrx_word' id='word_1_1' title='bbox 812 610 969 671; x_wconf 77' lang='grc' dir='ltr'>κκλωτιι</span> <span class='ocrx_word' id='word_1_2' title='bbox 997 596 1048 670; x_wconf 80' lang='grc' dir='ltr'>τ’.</span> <span class='ocrx_word' id='word_1_3' title='bbox 1330 604 1332 609; x_wconf 84' lang='grc'><strong>’</strong></span> <span class='ocrx_word' id='word_1_4' title='bbox 1408 605 1478 676; x_wconf 65' lang='grc' dir='ltr'>τοι)</span> 
     </span>
     <span class='ocr_line' id='line_1_2' title="bbox 381 740 1479 835; baseline 0 -25"><span class='ocrx_word' id='word_1_5' title='bbox 381 747 484 810; x_wconf 80' lang='grc' dir='ltr'>τάττει</span> <span class='ocrx_word' id='word_1_6' title='bbox 501 744 543 808; x_wconf 90' lang='grc' dir='ltr'>τά</span> <span class='ocrx_word' id='word_1_7' title='bbox 558 744 696 834; x_wconf 81' lang='grc' dir='ltr'>χείρονα.</span> <span class='ocrx_word' id='word_1_8' title='bbox 712 745 748 808; x_wconf 80' lang='lat' dir='ltr'>Ei</span> <span class='ocrx_word' id='word_1_9' title='bbox 767 740 914 809; x_wconf 85' lang='grc' dir='ltr'>δὲταῦτα</span> <span class='ocrx_word' id='word_1_10' title='bbox 932 741 962 819; x_wconf 85' lang='grc' dir='ltr'>έξ</span> <span class='ocrx_word' id='word_1_11' title='bbox 976 745 1138 834; x_wconf 85' lang='grc' dir='ltr'>ἀνθρώπων</span> <span class='ocrx_word' id='word_1_12' title='bbox 1151 747 1316 835; x_wconf 79' lang='grc' dir='ltr'>ἀφαιρεθῇ,</span> <span class='ocrx_word' id='word_1_13' title='bbox 1337 746 1367 810; x_wconf 93' lang='grc' dir='ltr'>τί</span> <span class='ocrx_word' id='word_1_14' title='bbox 1377 744 1479 811; x_wconf 85' lang='grc' dir='ltr'>λοιπόν</span> 
     </span>
     <span class='ocr_line' id='line_1_3' title="bbox 382 851 1478 947; baseline 0.001 -27"><span class='ocrx_word' id='word_1_15' title='bbox 382 855 520 940; x_wconf 77' lang='grc' dir='ltr'>ἐπεῖται,</span> <span class='ocrx_word' id='word_1_16' title='bbox 542 853 631 925; x_wconf 83' lang='grc' dir='ltr'>ήτδν</span> <span class='ocrx_word' id='word_1_17' title='bbox 644 863 703 920; x_wconf 83' lang='grc' dir='ltr'>τῶν</span> <span class='ocrx_word' id='word_1_18' title='bbox 721 857 830 947; x_wconf 89' lang='grc' dir='ltr'>θηρίων</span> <span class='ocrx_word' id='word_1_19' title='bbox 847 851 867 939; x_wconf 85' lang='grc' dir='ltr'>β</span> <span class='ocrx_word' id='word_1_20' title='bbox 1146 851 1369 947; x_wconf 84' lang='grc' dir='ltr'>ξαιρεθήτωσαν</span> <span class='ocrx_word' id='word_1_21' title='bbox 1387 851 1478 921; x_wconf 86' lang='grc' dir='ltr'>δικα-</span> 
     </span>
     <span class='ocr_line' id='line_1_4' title="bbox 335 961 1474 1059; baseline 0 -29"><span class='ocrx_word' id='word_1_22' title='bbox 335 997 337 1001; x_wconf 53' lang='grc'>’</span> <span class='ocrx_word' id='word_1_23' title='bbox 380 969 506 1059; x_wconf 77' lang='grc' dir='ltr'>οτήρια·</span> <span class='ocrx_word' id='word_1_24' title='bbox 527 961 768 1056; x_wconf 81' lang='grc' dir='ltr'>ἐξαιρεθήτωσαν</span> <span class='ocrx_word' id='word_1_25' title='bbox 790 962 1012 1056; x_wconf 86' lang='grc' dir='ltr'>βουλευτήρια,</span> <span class='ocrx_word' id='word_1_26' title='bbox 1037 967 1171 1055; x_wconf 78' lang='grc' dir='ltr'>κρίσεις,</span> <span class='ocrx_word' id='word_1_27' title='bbox 1189 964 1294 1056; x_wconf 86' lang='grc' dir='ltr'>λόγοι,</span> <span class='ocrx_word' id='word_1_28' title='bbox 1316 965 1474 1051; x_wconf 79' lang='grc' dir='ltr'>κολάσεις,</span> 
     </span>
     <span class='ocr_line' id='line_1_5' title="bbox 363 1073 1477 1168; baseline -0.004 -23"><span class='ocrx_word' id='word_1_29' title='bbox 363 1077 552 1152; x_wconf 77' lang='grc' dir='ltr'>,ἔπαινοιτὸ</span> <span class='ocrx_word' id='word_1_30' title='bbox 574 1077 691 1141; x_wconf 89' lang='grc' dir='ltr'>λοιπόν.</span> <span class='ocrx_word' id='word_1_31' title='bbox 711 1073 800 1142; x_wconf 80' lang='grc' dir='ltr'>Οὕτω</span> <span class='ocrx_word' id='word_1_32' title='bbox 825 1077 886 1167; x_wconf 84' lang='grc' dir='ltr'>γὰρ</span> <span class='ocrx_word' id='word_1_33' title='bbox 909 1076 925 1140; x_wconf 87' lang='grc' dir='ltr'>ὁ</span> <span class='ocrx_word' id='word_1_34' title='bbox 945 1076 1080 1168; x_wconf 84' lang='grc' dir='ltr'>χρηστὸς</span> <span class='ocrx_word' id='word_1_35' title='bbox 1102 1073 1204 1140; x_wconf 79' lang='grc' dir='ltr'>οὑτοσί</span> <span class='ocrx_word' id='word_1_36' title='bbox 1224 1078 1344 1152; x_wconf 81' lang='grc' dir='ltr'><em>νεανίας</em></span> <span class='ocrx_word' id='word_1_37' title='bbox 1364 1075 1477 1142; x_wconf 81' lang='grc' dir='ltr'>κελεύει</span> 
     </span>
     <span class='ocr_line' id='line_1_6' title="bbox 376 1184 1477 1279; baseline 0.001 -27"><span class='ocrx_word' id='word_1_38' title='bbox 376 1189 432 1253; x_wconf 78' lang='grc' dir='ltr'>καί</span> <span class='ocrx_word' id='word_1_39' title='bbox 450 1185 605 1279; x_wconf 85' lang='grc' dir='ltr'>ἀριστεός.</span> <span class='ocrx_word' id='word_1_40' title='bbox 625 1188 683 1251; x_wconf 78' lang='grc' dir='ltr'>Καὶ</span> <span class='ocrx_word' id='word_1_41' title='bbox 703 1187 823 1277; x_wconf 86' lang='grc' dir='ltr'>πρώτην</span> <span class='ocrx_word' id='word_1_42' title='bbox 837 1189 996 1279; x_wconf 79' lang='grc' dir='ltr'>ἀριστείαν</span> <span class='ocrx_word' id='word_1_43' title='bbox 1010 1185 1106 1274; x_wconf 84' lang='grc' dir='ltr'>ἐχέτω</span> <span class='ocrx_word' id='word_1_44' title='bbox 1124 1184 1234 1258; x_wconf 82' lang='grc' dir='ltr'>ταύτην</span> <span class='ocrx_word' id='word_1_45' title='bbox 1252 1187 1305 1257; x_wconf 86' lang='grc' dir='ltr'>τήν</span> <span class='ocrx_word' id='word_1_46' title='bbox 1321 1187 1403 1253; x_wconf 83' lang='grc' dir='ltr'>κατὰ</span> <span class='ocrx_word' id='word_1_47' title='bbox 1418 1194 1477 1253; x_wconf 85' lang='grc' dir='ltr'>τῶν</span> 
     </span>
     <span class='ocr_line' id='line_1_7' title="bbox 377 1292 1478 1389; baseline 0.001 -27"><span class='ocrx_word' id='word_1_48' title='bbox 377 1297 532 1389; x_wconf 79' lang='grc' dir='ltr'>ἡμετέρων</span> <span class='ocrx_word' id='word_1_49' title='bbox 551 1296 626 1362; x_wconf 80' lang='grc' dir='ltr'>ἐθῶν</span> <span class='ocrx_word' id='word_1_50' title='bbox 642 1298 694 1361; x_wconf 83' lang='grc' dir='ltr'>καί</span> <span class='ocrx_word' id='word_1_51' title='bbox 713 1306 766 1375; x_wconf 80' lang='grc' dir='ltr'>τῆς</span> <span class='ocrx_word' id='word_1_52' title='bbox 784 1297 938 1373; x_wconf 85' lang='grc' dir='ltr'>πολιτείας</span> <span class='ocrx_word' id='word_1_53' title='bbox 957 1296 1138 1382; x_wconf 83' lang='grc' dir='ltr'>κατάλυσιν,</span> <span class='ocrx_word' id='word_1_54' title='bbox 1159 1303 1231 1362; x_wconf 84' lang='grc' dir='ltr'>εἴπω</span> <span class='ocrx_word' id='word_1_55' title='bbox 1252 1292 1286 1363; x_wconf 82' lang='grc' dir='ltr'>δέ</span> <span class='ocrx_word' id='word_1_56' title='bbox 1305 1299 1357 1363; x_wconf 83' lang='grc' dir='ltr'>καὶ</span> <span class='ocrx_word' id='word_1_57' title='bbox 1375 1299 1478 1374; x_wconf 88' lang='grc' dir='ltr'>πάοης</span> 
     </span>
     <span class='ocr_line' id='line_1_8' title="bbox 378 1403 692 1495; baseline -0.003 -22"><span class='ocrx_word' id='word_1_58' title='bbox 378 1409 549 1495; x_wconf 79' lang='grc' dir='ltr'>ἀνθρώπων</span> <span class='ocrx_word' id='word_1_59' title='bbox 563 1403 692 1484; x_wconf 82' lang='grc' dir='ltr'>τάξεως.</span> 
     </span>
    </p>

    <p class='ocr_par' dir='ltr' id='par_1_2' title="bbox 376 1499 1476 2051">
     <span class='ocr_line' id='line_1_9' title="bbox 426 1499 1471 1609; baseline 0.001 -26"><span class='ocrx_word' id='word_1_60' title='bbox 426 1499 503 1609; x_wconf 76' lang='lat' dir='ltr'>E&#39;yd</span> <span class='ocrx_word' id='word_1_61' title='bbox 520 1513 590 1607; x_wconf 69' lang='grc' dir='ltr'>μὲν1</span> <span class='ocrx_word' id='word_1_62' title='bbox 606 1518 709 1594; x_wconf 87' lang='grc' dir='ltr'>ὁποῖος</span> <span class='ocrx_word' id='word_1_63' title='bbox 725 1507 812 1593; x_wconf 80' lang='grc' dir='ltr'>οὗτος</span> <span class='ocrx_word' id='word_1_64' title='bbox 828 1518 881 1582; x_wconf 82' lang='grc' dir='ltr'>καί</span> <span class='ocrx_word' id='word_1_65' title='bbox 900 1517 953 1583; x_wconf 86' lang='grc' dir='ltr'>τὸν</span> <span class='ocrx_word' id='word_1_66' title='bbox 971 1517 1115 1609; x_wconf 89' lang='grc' dir='ltr'>πρότερον</span> <span class='ocrx_word' id='word_1_67' title='bbox 1132 1517 1223 1583; x_wconf 86' lang='grc' dir='ltr'>ἄλλον</span> <span class='ocrx_word' id='word_1_68' title='bbox 1247 1514 1314 1602; x_wconf 85' lang='grc' dir='ltr'>βίον</span> <span class='ocrx_word' id='word_1_69' title='bbox 1332 1515 1471 1584; x_wconf 82' lang='grc' dir='ltr'>οὐδέποτ’</span> 
     </span>
     <span class='ocr_line' id='line_1_10' title="bbox 376 1618 1476 1721; baseline 0.001 -27"><span class='ocrx_word' id='word_1_70' title='bbox 376 1626 566 1721; x_wconf 79' lang='grc' dir='ltr'>ἐρωτήσαιμι</span> <span class='ocrx_word' id='word_1_71' title='bbox 598 1629 650 1694; x_wconf 82' lang='grc' dir='ltr'>τὸν</span> <span class='ocrx_word' id='word_1_72' title='bbox 670 1624 796 1715; x_wconf 80' lang='grc' dir='ltr'>εἰδότα,</span> <span class='ocrx_word' id='word_1_73' title='bbox 824 1628 982 1720; x_wconf 78' lang='grc' dir='ltr'>γινώσκειν</span> <span class='ocrx_word' id='word_1_74' title='bbox 1001 1618 1042 1703; x_wconf 83' lang='grc' dir='ltr'>ὧς</span> <span class='ocrx_word' id='word_1_75' title='bbox 1064 1628 1079 1692; x_wconf 87' lang='grc' dir='ltr'><strong>ὁ</strong></span> <span class='ocrx_word' id='word_1_76' title='bbox 1098 1633 1197 1694; x_wconf 81' lang='grc' dir='ltr'>ταῦτα</span> <span class='ocrx_word' id='word_1_77' title='bbox 1219 1628 1336 1717; x_wconf 82' lang='grc' dir='ltr'>τολμῶν</span> <span class='ocrx_word' id='word_1_78' title='bbox 1357 1623 1476 1705; x_wconf 80' lang='grc' dir='ltr'>οὐδενὸς</span> 
     </span>
     <span class='ocr_line' id='line_1_11' title="bbox 376 1719 1475 1829; baseline 0 -25"><span class='ocrx_word' id='word_1_79' title='bbox 376 1737 474 1804; x_wconf 82' lang='grc' dir='ltr'>ἄλλου</span> <span class='ocrx_word' id='word_1_80' title='bbox 492 1747 553 1805; x_wconf 83' lang='grc' dir='ltr'>τῶν</span> <span class='ocrx_word' id='word_1_81' title='bbox 566 1741 610 1814; x_wconf 83' lang='grc' dir='ltr'>εἰς</span> <span class='ocrx_word' id='word_1_82' title='bbox 621 1740 737 1804; x_wconf 87' lang='grc' dir='ltr'>κακίαν</span> <span class='ocrx_word' id='word_1_83' title='bbox 752 1739 938 1827; x_wconf 82' lang='grc' dir='ltr'>ἀπόσχοιτο.</span> <span class='ocrx_word' id='word_1_84' title='bbox 956 1719 1083 1829; x_wconf 74' lang='grc' dir='ltr'>θρόνον</span> <span class='ocrx_word' id='word_1_85' title='bbox 1099 1737 1246 1823; x_wconf 86' lang='grc' dir='ltr'>τελέσας,</span> <span class='ocrx_word' id='word_1_86' title='bbox 1260 1739 1294 1804; x_wconf 80' lang='grc' dir='ltr'>οὐ</span> <span class='ocrx_word' id='word_1_87' title='bbox 1312 1735 1475 1823; x_wconf 87' lang='grc' dir='ltr'>βασκήνειε</span> 
     </span>
     <span class='ocr_line' id='line_1_12' title="bbox 376 1842 1475 1941; baseline -0.002 -25"><span class='ocrx_word' id='word_1_88' title='bbox 376 1849 543 1941; x_wconf 67' lang='grc' dir='ltr'>πρότερον,</span> <span class='ocrx_word' id='word_1_89' title='bbox 563 1847 597 1916; x_wconf 77' lang='grc' dir='ltr'>οὐ</span> <span class='ocrx_word' id='word_1_90' title='bbox 612 1842 685 1940; x_wconf 82' lang='grc' dir='ltr'>παρ’</span> <span class='ocrx_word' id='word_1_91' title='bbox 704 1845 791 1915; x_wconf 74' lang='grc' dir='ltr'>οὐδὲν</span> <span class='ocrx_word' id='word_1_92' title='bbox 807 1851 842 1914; x_wconf 86' lang='grc' dir='ltr'>τὸ</span> <span class='ocrx_word' id='word_1_93' title='bbox 861 1851 1007 1941; x_wconf 87' lang='grc' dir='ltr'>ἀρπάζειν</span> <span class='ocrx_word' id='word_1_94' title='bbox 1026 1851 1132 1932; x_wconf 89' lang='grc' dir='ltr'>θήσει,</span> <span class='ocrx_word' id='word_1_95' title='bbox 1155 1845 1336 1934; x_wconf 85' lang='grc' dir='ltr'>τὸάδικεῖν,</span> <span class='ocrx_word' id='word_1_96' title='bbox 1356 1851 1389 1915; x_wconf 85' lang='grc' dir='ltr'>τό</span> <span class='ocrx_word' id='word_1_97' title='bbox 1408 1849 1475 1915; x_wconf 80' lang='grc' dir='ltr'>λοι·-</span> 
     </span>
     <span class='ocr_line' id='line_1_13' title="bbox 377 1954 1473 2051; baseline 0 -27"><span class='ocrx_word' id='word_1_98' title='bbox 377 1954 557 2051; x_wconf 84' lang='grc' dir='ltr'>δορεῖσθαι,</span> <span class='ocrx_word' id='word_1_99' title='bbox 576 1959 611 2024; x_wconf 85' lang='grc' dir='ltr'>τὸ</span> <span class='ocrx_word' id='word_1_100' title='bbox 626 1959 709 2024; x_wconf 87' lang='grc' dir='ltr'>κατά</span> <span class='ocrx_word' id='word_1_101' title='bbox 729 1961 849 2024; x_wconf 76' lang='grc' dir='ltr'>πάντων</span> <span class='ocrx_word' id='word_1_102' title='bbox 868 1957 1065 2050; x_wconf 83' lang='grc' dir='ltr'>ἐπαίρεσθαι;</span> <span class='ocrx_word' id='word_1_103' title='bbox 1091 1959 1141 2022; x_wconf 83' lang='grc' dir='ltr'>τὸν</span> <span class='ocrx_word' id='word_1_104' title='bbox 1158 1959 1218 2051; x_wconf 86' lang='grc' dir='ltr'>γάρ</span> <span class='ocrx_word' id='word_1_105' title='bbox 1238 1963 1281 2035; x_wconf 84' lang='grc' dir='ltr'>είς</span> <span class='ocrx_word' id='word_1_106' title='bbox 1301 1961 1473 2048; x_wconf 82' lang='grc' dir='ltr'>τοῦσχατον</span> 
     </span>
    </p>
   </div>
   <div class='ocr_carea' id='block_1_2' title="bbox 374 2047 1471 2161">
    <p class='ocr_par' dir='ltr' id='par_1_3' title="bbox 374 2047 1471 2161">
     <span class='ocr_line' id='line_1_14' title="bbox 374 2047 1471 2161; baseline 0.001 -27"><span class='ocrx_word' id='word_1_107' title='bbox 374 2077 437 2136; x_wconf 83' lang='grc' dir='ltr'>τῶν</span> <span class='ocrx_word' id='word_1_108' title='bbox 446 2078 552 2136; x_wconf 88' lang='grc' dir='ltr'>κακῶν</span> <span class='ocrx_word' id='word_1_109' title='bbox 562 2070 742 2161; x_wconf 73' lang='grc' dir='ltr'>ἀφικόμενον</span> <span class='ocrx_word' id='word_1_110' title='bbox 759 2070 840 2145; x_wconf 81' lang='grc' dir='ltr'>εἰκὸς</span> <span class='ocrx_word' id='word_1_111' title='bbox 858 2071 910 2133; x_wconf 82' lang='grc' dir='ltr'>καὶ</span> <span class='ocrx_word' id='word_1_112' title='bbox 926 2063 981 2133; x_wconf 77' lang='grc' dir='ltr'>διὰ</span> <span class='ocrx_word' id='word_1_113' title='bbox 996 2077 1055 2133; x_wconf 86' lang='grc' dir='ltr'>τῶν</span> <span class='ocrx_word' id='word_1_114' title='bbox 1072 2067 1172 2134; x_wconf 83' lang='grc' dir='ltr'>ἄλλων</span> <span class='ocrx_word' id='word_1_115' title='bbox 1185 2068 1292 2135; x_wconf 82' lang='grc' dir='ltr'>ἐλθεῖν.</span> <span class='ocrx_word' id='word_1_116' title='bbox 1311 2047 1388 2135; x_wconf 67' lang='grc' dir='ltr'>ὅθεν</span> <span class='ocrx_word' id='word_1_117' title='bbox 1404 2073 1471 2143; x_wconf 81' lang='grc' dir='ltr'>καί,</span> 
     </span>
    </p>
   </div>
   <div class='ocr_carea' id='block_1_3' title="bbox 373 2175 1473 3039">
    <p class='ocr_par' dir='ltr' id='par_1_4' title="bbox 376 2175 1471 2383">
     <span class='ocr_line' id='line_1_15' title="bbox 377 2175 1471 2273; baseline -0.002 -27"><span class='ocrx_word' id='word_1_118' title='bbox 377 2179 475 2273; x_wconf 80' lang='grc' dir='ltr'>ὥςπερ</span> <span class='ocrx_word' id='word_1_119' title='bbox 494 2183 519 2245; x_wconf 81' lang='grc' dir='ltr'>εἰ</span> <span class='ocrx_word' id='word_1_120' title='bbox 534 2179 580 2247; x_wconf 81' lang='grc' dir='ltr'>ἐπ’</span> <span class='ocrx_word' id='word_1_121' title='bbox 596 2179 722 2255; x_wconf 79' lang='grc' dir='ltr'>ἐκείνοις</span> <span class='ocrx_word' id='word_1_122' title='bbox 738 2175 841 2244; x_wconf 78' lang='grc' dir='ltr'>ἐδίδου</span> <span class='ocrx_word' id='word_1_123' title='bbox 862 2175 973 2259; x_wconf 86' lang='grc' dir='ltr'>δίκας,</span> <span class='ocrx_word' id='word_1_124' title='bbox 989 2178 1044 2244; x_wconf 78' lang='grc' dir='ltr'>οὐκ</span> <span class='ocrx_word' id='word_1_125' title='bbox 1063 2180 1101 2245; x_wconf 88' lang='grc' dir='ltr'>ἀν</span> <span class='ocrx_word' id='word_1_126' title='bbox 1119 2178 1206 2246; x_wconf 82' lang='grc' dir='ltr'>ταῦτ’</span> <span class='ocrx_word' id='word_1_127' title='bbox 1226 2176 1364 2271; x_wconf 82' lang='grc' dir='ltr'>ἔπραξεν,</span> <span class='ocrx_word' id='word_1_128' title='bbox 1379 2176 1471 2257; x_wconf 76' lang='grc' dir='ltr'>οὕτω,</span> 
     </span>
     <span class='ocr_line' id='line_1_16' title="bbox 376 2290 959 2383; baseline -0.007 -25"><span class='ocrx_word' id='word_1_129' title='bbox 376 2296 427 2358; x_wconf 80' lang='grc' dir='ltr'>νῦν</span> <span class='ocrx_word' id='word_1_130' title='bbox 442 2293 580 2383; x_wconf 46' lang='grc' dir='ltr'>ἀρεῴίς,</span> <span class='ocrx_word' id='word_1_131' title='bbox 604 2290 747 2377; x_wconf 75' lang='grc' dir='ltr'>τολμήσει</span> <span class='ocrx_word' id='word_1_132' title='bbox 766 2291 806 2354; x_wconf 91' lang='grc' dir='ltr'>τά</span> <span class='ocrx_word' id='word_1_133' title='bbox 819 2291 959 2382; x_wconf 88' lang='grc' dir='ltr'>χείρονα.</span> 
     </span>
    </p>

    <p class='ocr_par' dir='ltr' id='par_1_5' title="bbox 373 2382 1473 3039">
     <span class='ocr_line' id='line_1_17' title="bbox 424 2382 1472 2493; baseline -0.001 -26"><span class='ocrx_word' id='word_1_134' title='bbox 424 2382 658 2493; x_wconf 62' lang='grc' dir='ltr'>ἀναλογίσασθε</span> <span class='ocrx_word' id='word_1_135' title='bbox 667 2401 717 2466; x_wconf 87' lang='grc' dir='ltr'>τὸν</span> <span class='ocrx_word' id='word_1_136' title='bbox 728 2401 851 2472; x_wconf 88' lang='grc' dir='ltr'>πολίτην</span> <span class='ocrx_word' id='word_1_137' title='bbox 866 2399 992 2480; x_wconf 83' lang='grc' dir='ltr'>ἐκεῖνον,</span> <span class='ocrx_word' id='word_1_138' title='bbox 1008 2402 1060 2464; x_wconf 78' lang='grc' dir='ltr'>καὶ</span> <span class='ocrx_word' id='word_1_139' title='bbox 1073 2399 1128 2470; x_wconf 85' lang='grc' dir='ltr'>τήν</span> <span class='ocrx_word' id='word_1_140' title='bbox 1142 2398 1188 2465; x_wconf 82' lang='grc' dir='ltr'>ἐπὶ</span> <span class='ocrx_word' id='word_1_141' title='bbox 1206 2405 1260 2465; x_wconf 84' lang='grc' dir='ltr'>τοῦ</span> <span class='ocrx_word' id='word_1_142' title='bbox 1272 2397 1472 2491; x_wconf 83' lang='grc' dir='ltr'>δικαστηρίου</span> 
     </span>
     <span class='ocr_line' id='line_1_18' title="bbox 377 2507 1473 2602; baseline -0.001 -26"><span class='ocrx_word' id='word_1_143' title='bbox 377 2513 487 2578; x_wconf 88' lang='grc' dir='ltr'>στάσιν</span> <span class='ocrx_word' id='word_1_144' title='bbox 508 2509 576 2595; x_wconf 80' lang='grc' dir='ltr'>ἀν’,</span> <span class='ocrx_word' id='word_1_145' title='bbox 595 2514 649 2578; x_wconf 77' lang='grc' dir='ltr'>καί</span> <span class='ocrx_word' id='word_1_146' title='bbox 667 2513 708 2576; x_wconf 90' lang='grc' dir='ltr'>τά</span> <span class='ocrx_word' id='word_1_147' title='bbox 728 2511 841 2577; x_wconf 87' lang='grc' dir='ltr'>ε’λεεινά</span> <span class='ocrx_word' id='word_1_148' title='bbox 859 2507 995 2602; x_wconf 83' lang='grc' dir='ltr'>δάκρυα.</span> <span class='ocrx_word' id='word_1_149' title='bbox 1015 2511 1055 2575; x_wconf 83' lang='grc' dir='ltr'>Τὸ</span> <span class='ocrx_word' id='word_1_150' title='bbox 1077 2508 1197 2597; x_wconf 81' lang='grc' dir='ltr'>συμθάν</span> <span class='ocrx_word' id='word_1_151' title='bbox 1219 2508 1321 2598; x_wconf 82' lang='grc' dir='ltr'>ἐκείνῳ</span> <span class='ocrx_word' id='word_1_152' title='bbox 1345 2508 1473 2588; x_wconf 82' lang='grc' dir='ltr'>ἕκαστος</span> 
     </span>
     <span class='ocr_line' id='line_1_19' title="bbox 375 2599 1472 2714; baseline -0.001 -27"><span class='ocrx_word' id='word_1_153' title='bbox 375 2621 420 2713; x_wconf 78' lang='grc' dir='ltr'>ἐφ’</span> <span class='ocrx_word' id='word_1_154' title='bbox 444 2617 548 2709; x_wconf 64' lang='grc' dir='ltr'>αὐτῷθ</span> <span class='ocrx_word' id='word_1_155' title='bbox 563 2623 710 2714; x_wconf 86' lang='grc' dir='ltr'>ήγείσθω.</span> <span class='ocrx_word' id='word_1_156' title='bbox 732 2599 774 2687; x_wconf 72' lang='lat' dir='ltr'>dv</span> <span class='ocrx_word' id='word_1_157' title='bbox 799 2625 983 2713; x_wconf 85' lang='grc' dir='ltr'>κασίγνητος</span> <span class='ocrx_word' id='word_1_158' title='bbox 1005 2617 1054 2706; x_wconf 85' lang='grc' dir='ltr'>ήν,</span> <span class='ocrx_word' id='word_1_159' title='bbox 1079 2621 1116 2685; x_wconf 90' lang='grc' dir='ltr'>ἀν</span> <span class='ocrx_word' id='word_1_160' title='bbox 1137 2621 1221 2704; x_wconf 86' lang='grc' dir='ltr'>υἱός,</span> <span class='ocrx_word' id='word_1_161' title='bbox 1240 2621 1277 2685; x_wconf 88' lang='grc' dir='ltr'>ἀν</span> <span class='ocrx_word' id='word_1_162' title='bbox 1293 2624 1412 2712; x_wconf 86' lang='grc' dir='ltr'>πατήρ,</span> <span class='ocrx_word' id='word_1_163' title='bbox 1435 2623 1472 2686; x_wconf 85' lang='grc' dir='ltr'>ἀν</span> 
     </span>
     <span class='ocr_line' id='line_1_20' title="bbox 373 2727 1469 2824; baseline -0.002 -26"><span class='ocrx_word' id='word_1_164' title='bbox 373 2734 532 2824; x_wconf 65' lang='grc' dir='ltr'>προσήκων</span> <span class='ocrx_word' id='word_1_165' title='bbox 547 2727 677 2817; x_wconf 66' lang='grc' dir='ltr'>ἀλλως*,</span> <span class='ocrx_word' id='word_1_166' title='bbox 693 2740 757 2808; x_wconf 84' lang='grc' dir='ltr'>πῶς</span> <span class='ocrx_word' id='word_1_167' title='bbox 771 2733 808 2797; x_wconf 86' lang='grc' dir='ltr'>ἀν</span> <span class='ocrx_word' id='word_1_168' title='bbox 825 2728 974 2796; x_wconf 87' lang='grc' dir='ltr'>διέκεισθε</span> <span class='ocrx_word' id='word_1_169' title='bbox 986 2733 1059 2824; x_wconf 85' lang='grc' dir='ltr'>πρὸς</span> <span class='ocrx_word' id='word_1_170' title='bbox 1074 2732 1125 2796; x_wconf 86' lang='grc' dir='ltr'>τὸν</span> <span class='ocrx_word' id='word_1_171' title='bbox 1141 2727 1299 2823; x_wconf 77' lang='grc' dir='ltr'>πράξαντα</span> <span class='ocrx_word' id='word_1_172' title='bbox 1311 2753 1320 2813; x_wconf 84' lang='grc'><strong>;</strong></span> <span class='ocrx_word' id='word_1_173' title='bbox 1333 2731 1398 2798; x_wconf 77' lang='grc' dir='ltr'>Οὐκ</span> <span class='ocrx_word' id='word_1_174' title='bbox 1411 2734 1469 2797; x_wconf 81' lang='grc' dir='ltr'>εἰσί</span> 
     </span>
     <span class='ocr_line' id='line_1_21' title="bbox 373 2837 1470 2933; baseline -0.001 -25"><span class='ocrx_word' id='word_1_175' title='bbox 373 2837 484 2919; x_wconf 86' lang='grc' dir='ltr'>παῖδες</span> <span class='ocrx_word' id='word_1_176' title='bbox 501 2842 624 2930; x_wconf 84' lang='grc' dir='ltr'>ε’κείνῳ;</span> <span class='ocrx_word' id='word_1_177' title='bbox 644 2841 724 2907; x_wconf 86' lang='grc' dir='ltr'>ἀλλά</span> <span class='ocrx_word' id='word_1_178' title='bbox 742 2850 806 2917; x_wconf 86' lang='grc' dir='ltr'>τοῖς</span> <span class='ocrx_word' id='word_1_179' title='bbox 822 2840 926 2917; x_wconf 87' lang='grc' dir='ltr'>ἀλλοις</span> <span class='ocrx_word' id='word_1_180' title='bbox 945 2844 1016 2907; x_wconf 84' lang='grc' dir='ltr'>εἰσί·</span> <span class='ocrx_word' id='word_1_181' title='bbox 1039 2845 1092 2909; x_wconf 78' lang='grc' dir='ltr'>καὶ</span> <span class='ocrx_word' id='word_1_182' title='bbox 1111 2845 1173 2930; x_wconf 90' lang='grc' dir='ltr'>μή,</span> <span class='ocrx_word' id='word_1_183' title='bbox 1193 2838 1270 2908; x_wconf 88' lang='grc' dir='ltr'>διότι</span> <span class='ocrx_word' id='word_1_184' title='bbox 1291 2841 1306 2906; x_wconf 86' lang='grc' dir='ltr'><strong>ὁ</strong></span> <span class='ocrx_word' id='word_1_185' title='bbox 1331 2841 1470 2933; x_wconf 86' lang='grc' dir='ltr'>έγκαλὼν</span> 
     </span>
     <span class='ocr_line' id='line_1_22' title="bbox 374 2947 1467 3039; baseline -0.003 -21"><span class='ocrx_word' id='word_1_186' title='bbox 374 2948 476 3030; x_wconf 84' lang='grc' dir='ltr'>ουδεις</span> <span class='ocrx_word' id='word_1_187' title='bbox 496 2950 528 3031; x_wconf 83' lang='grc' dir='ltr'>εξ</span> <span class='ocrx_word' id='word_1_188' title='bbox 548 2975 679 3037; x_wconf 89' lang='grc' dir='ltr'>εκεινων,</span> <span class='ocrx_word' id='word_1_189' title='bbox 705 2948 799 3039; x_wconf 87' lang='grc' dir='ltr'>μηδὲν</span> <span class='ocrx_word' id='word_1_190' title='bbox 817 2947 963 3018; x_wconf 80' lang='grc' dir='ltr'>εἶναικαὶ</span> <span class='ocrx_word' id='word_1_191' title='bbox 981 2953 1016 3020; x_wconf 83' lang='grc' dir='ltr'>τό</span> <span class='ocrx_word' id='word_1_192' title='bbox 1033 2953 1131 3019; x_wconf 86' lang='grc' dir='ltr'>κοινὸν</span> <span class='ocrx_word' id='word_1_193' title='bbox 1148 2961 1204 3028; x_wconf 80' lang='grc' dir='ltr'>τῆς</span> <span class='ocrx_word' id='word_1_194' title='bbox 1226 2952 1341 3028; x_wconf 90' lang='grc' dir='ltr'>πόλεως</span> <span class='ocrx_word' id='word_1_195' title='bbox 1356 2956 1467 3018; x_wconf 84' lang='grc' dir='ltr'>οἴεσθε.</span> 
     </span>
    </p>
   </div>
   <div class='ocr_carea' id='block_1_4' title="bbox 370 3256 1472 4495">
    <p class='ocr_par' dir='ltr' id='par_1_6' title="bbox 370 3256 1472 4495">
     <span class='ocr_line' id='line_1_23' title="bbox 372 3256 1470 3327; baseline 0 -19"><span class='ocrx_word' id='word_1_196' title='bbox 372 3256 451 3323; x_wconf 70' lang='lat' dir='ltr'><strong>biga,</strong></span> <span class='ocrx_word' id='word_1_197' title='bbox 470 3257 513 3310; x_wconf 79' lang='lat' dir='ltr'>irae</span> <span class='ocrx_word' id='word_1_198' title='bbox 530 3257 645 3308; x_wconf 81' lang='lat' dir='ltr'><strong>videlicet</strong></span> <span class='ocrx_word' id='word_1_199' title='bbox 661 3269 735 3324; x_wconf 82' lang='lat' dir='ltr'><strong>atque</strong></span> <span class='ocrx_word' id='word_1_200' title='bbox 758 3257 906 3325; x_wconf 73' lang='lat' dir='ltr'><strong>cupiditatis.</strong></span> <span class='ocrx_word' id='word_1_201' title='bbox 936 3261 1050 3327; x_wconf 81' lang='grc' dir='ltr'>ἑκάτερον.</span> <span class='ocrx_word' id='word_1_202' title='bbox 1073 3259 1135 3310; x_wconf 85' lang='lat' dir='ltr'><strong>Illud</strong></span> <span class='ocrx_word' id='word_1_203' title='bbox 1149 3258 1293 3309; x_wconf 84' lang='lat' dir='ltr'><strong>sumendum</strong></span> <span class='ocrx_word' id='word_1_204' title='bbox 1309 3258 1383 3309; x_wconf 73' lang='lat' dir='ltr'><strong>fuisse</strong></span> <span class='ocrx_word' id='word_1_205' title='bbox 1400 3257 1470 3308; x_wconf 81' lang='lat' dir='ltr'><strong>vide·</strong></span> 
     </span>
     <span class='ocr_line' id='line_1_24' title="bbox 407 3335 1472 3404; baseline 0.001 -18"><span class='ocrx_word' id='word_1_206' title='bbox 407 3335 525 3386; x_wconf 60' lang='lat' dir='ltr'>&#39;Schola</span> <span class='ocrx_word' id='word_1_207' title='bbox 537 3341 634 3394; x_wconf 80' lang='grc' dir='ltr'>ποιότης</span> <span class='ocrx_word' id='word_1_208' title='bbox 650 3341 691 3386; x_wconf 70' lang='grc' dir='ltr'>καὶ</span> <span class='ocrx_word' id='word_1_209' title='bbox 705 3342 795 3400; x_wconf 82' lang='grc' dir='ltr'>γνώμη.</span> <span class='ocrx_word' id='word_1_210' title='bbox 935 3347 983 3396; x_wconf 83' lang='lat' dir='ltr'>tur,</span> <span class='ocrx_word' id='word_1_211' title='bbox 998 3337 1058 3388; x_wconf 86' lang='lat' dir='ltr'><strong>mihi</strong></span> <span class='ocrx_word' id='word_1_212' title='bbox 1068 3339 1184 3404; x_wconf 85' lang='lat' dir='ltr'><strong>quidem:</strong></span> <span class='ocrx_word' id='word_1_213' title='bbox 1199 3349 1380 3404; x_wconf 77' lang='lat' dir='ltr'><strong>«utrorumque</strong></span> <span class='ocrx_word' id='word_1_214' title='bbox 1393 3337 1472 3387; x_wconf 83' lang='grc' dir='ltr'>νίοιοι·</span> 
     </span>
     <span class='ocr_line' id='line_1_25' title="bbox 406 3411 1471 3481; baseline 0 -17"><span class='ocrx_word' id='word_1_215' title='bbox 406 3411 469 3464; x_wconf 72' lang='lat' dir='ltr'><strong>&#39;sie</strong></span> <span class='ocrx_word' id='word_1_216' title='bbox 483 3413 572 3464; x_wconf 77' lang='lat' dir='ltr'><strong>codex.</strong></span> <span class='ocrx_word' id='word_1_217' title='bbox 592 3415 635 3463; x_wconf 80' lang='lat' dir='ltr'>Est</span> <span class='ocrx_word' id='word_1_218' title='bbox 649 3414 756 3464; x_wconf 76' lang='lat' dir='ltr'><strong>fortasse·</strong></span> <span class='ocrx_word' id='word_1_219' title='bbox 768 3416 795 3464; x_wconf 84' lang='grc' dir='ltr'>ἀν</span> <span class='ocrx_word' id='word_1_220' title='bbox 814 3413 909 3464; x_wconf 84' lang='lat' dir='ltr'><strong>initium</strong></span> <span class='ocrx_word' id='word_1_221' title='bbox 934 3415 1064 3465; x_wconf 73' lang='lat' dir='ltr'>affectuum</span> <span class='ocrx_word' id='word_1_222' title='bbox 1076 3435 1099 3466; x_wconf 78' lang='grc' dir='ltr'>ν.</span> <span class='ocrx_word' id='word_1_223' title='bbox 1119 3417 1175 3481; x_wconf 81' lang='lat' dir='ltr'><strong>lpse</strong></span> <span class='ocrx_word' id='word_1_224' title='bbox 1191 3432 1218 3465; x_wconf 81' lang='lat' dir='ltr'>se</span> <span class='ocrx_word' id='word_1_225' title='bbox 1231 3414 1340 3464; x_wconf 80' lang='lat' dir='ltr'><strong>vindicat</strong></span> <span class='ocrx_word' id='word_1_226' title='bbox 1352 3413 1471 3464; x_wconf 84' lang='lat' dir='ltr'><strong>Theodo-</strong></span> 
     </span>
     <span class='ocr_line' id='line_1_26' title="bbox 372 3490 1470 3562; baseline 0.002 -21"><span class='ocrx_word' id='word_1_227' title='bbox 372 3491 497 3553; x_wconf 68' lang='lat' dir='ltr'><strong>vocabuli,</strong></span> <span class='ocrx_word' id='word_1_228' title='bbox 505 3491 573 3542; x_wconf 77' lang='lat' dir='ltr'><strong>verbi</strong></span> <span class='ocrx_word' id='word_1_229' title='bbox 583 3495 787 3562; x_wconf 70' lang='grc' dir='ltr'>ἂναραντοίζισθι,</span> <span class='ocrx_word' id='word_1_230' title='bbox 798 3490 836 3540; x_wconf 80' lang='lat' dir='ltr'>vel</span> <span class='ocrx_word' id='word_1_231' title='bbox 844 3494 910 3542; x_wconf 86' lang='grc' dir='ltr'>ἀντι·</span> <span class='ocrx_word' id='word_1_232' title='bbox 934 3512 990 3552; x_wconf 80' lang='lat' dir='ltr'>rus.</span> <span class='ocrx_word' id='word_1_233' title='bbox 1006 3499 1016 3543; x_wconf 91' lang='grc'>1</span> <span class='ocrx_word' id='word_1_234' title='bbox 1028 3533 1035 3552; x_wconf 81' lang='grc'>,</span> <span class='ocrx_word' id='word_1_235' title='bbox 1046 3510 1072 3560; x_wconf 87' lang='lat' dir='ltr'>p.</span> <span class='ocrx_word' id='word_1_236' title='bbox 1090 3496 1120 3542; x_wconf 81' lang='lat'>33</span> <span class='ocrx_word' id='word_1_237' title='bbox 1132 3513 1138 3545; x_wconf 70' lang='grc' dir='ltr'>ι</span> <span class='ocrx_word' id='word_1_238' title='bbox 1149 3495 1222 3551; x_wconf 78' lang='grc' dir='ltr'>Εὐθὺς</span> <span class='ocrx_word' id='word_1_239' title='bbox 1235 3502 1335 3558; x_wconf 79' lang='grc' dir='ltr'>νομίζω,</span> <span class='ocrx_word' id='word_1_240' title='bbox 1351 3494 1470 3543; x_wconf 83' lang='grc' dir='ltr'>συνδοκοῦν</span> 
     </span>
     <span class='ocr_line' id='line_1_27' title="bbox 372 3568 1469 3639; baseline 0.002 -19"><span class='ocrx_word' id='word_1_241' title='bbox 372 3574 495 3634; x_wconf 74' lang='grc' dir='ltr'>λεγόντων.</span> <span class='ocrx_word' id='word_1_242' title='bbox 506 3569 578 3619; x_wconf 80' lang='lat' dir='ltr'><strong>Conf.</strong></span> <span class='ocrx_word' id='word_1_243' title='bbox 588 3583 614 3634; x_wconf 83' lang='lat' dir='ltr'>p.</span> <span class='ocrx_word' id='word_1_244' title='bbox 625 3571 680 3628; x_wconf 80' lang='lat'>111,</span> <span class='ocrx_word' id='word_1_245' title='bbox 691 3571 722 3620; x_wconf 83' lang='lat'>5:</span> <span class='ocrx_word' id='word_1_246' title='bbox 732 3571 828 3638; x_wconf 81' lang='grc' dir='ltr'>δάκρυσι</span> <span class='ocrx_word' id='word_1_247' title='bbox 837 3590 908 3638; x_wconf 82' lang='grc' dir='ltr'>προς·</span> <span class='ocrx_word' id='word_1_248' title='bbox 933 3580 974 3623; x_wconf 77' lang='grc' dir='ltr'>καὶ</span> <span class='ocrx_word' id='word_1_249' title='bbox 993 3584 1043 3632; x_wconf 83' lang='grc' dir='ltr'>τοῖς</span> <span class='ocrx_word' id='word_1_250' title='bbox 1061 3577 1152 3636; x_wconf 85' lang='grc' dir='ltr'>νόμοις,</span> <span class='ocrx_word' id='word_1_251' title='bbox 1167 3568 1343 3639; x_wconf 84' lang='grc' dir='ltr'>Ἐπακροᾶσθαι</span> <span class='ocrx_word' id='word_1_252' title='bbox 1358 3581 1404 3622; x_wconf 87' lang='grc' dir='ltr'>τῶν</span> <span class='ocrx_word' id='word_1_253' title='bbox 1421 3592 1469 3636; x_wconf 80' lang='grc' dir='ltr'>με·</span> 
     </span>
     <span class='ocr_line' id='line_1_28' title="bbox 372 3648 1469 3718; baseline 0.002 -20"><span class='ocrx_word' id='word_1_254' title='bbox 372 3652 498 3699; x_wconf 70' lang='grc' dir='ltr'>καλοῦνται</span> <span class='ocrx_word' id='word_1_255' title='bbox 510 3654 550 3698; x_wconf 76' lang='grc' dir='ltr'>τὸν</span> <span class='ocrx_word' id='word_1_256' title='bbox 563 3648 635 3698; x_wconf 83' lang='grc' dir='ltr'>ίλιον.</span> <span class='ocrx_word' id='word_1_257' title='bbox 933 3661 980 3718; x_wconf 83' lang='grc' dir='ltr'>ρῶν</span> <span class='ocrx_word' id='word_1_258' title='bbox 990 3654 1112 3718; x_wconf 78' lang='grc' dir='ltr'>ἑκατέρων.</span> <span class='ocrx_word' id='word_1_259' title='bbox 1125 3650 1166 3700; x_wconf 76' lang='lat' dir='ltr'>Sic</span> <span class='ocrx_word' id='word_1_260' title='bbox 1178 3659 1203 3700; x_wconf 85' lang='lat' dir='ltr'>et</span> <span class='ocrx_word' id='word_1_261' title='bbox 1214 3666 1241 3715; x_wconf 89' lang='lat' dir='ltr'>p.</span> <span class='ocrx_word' id='word_1_262' title='bbox 1257 3651 1288 3698; x_wconf 85' lang='grc'>30</span> <span class='ocrx_word' id='word_1_263' title='bbox 1299 3669 1306 3700; x_wconf 80' lang='grc' dir='ltr'>ι</span> <span class='ocrx_word' id='word_1_264' title='bbox 1317 3655 1365 3700; x_wconf 73' lang='grc' dir='ltr'>Καὶ</span> <span class='ocrx_word' id='word_1_265' title='bbox 1377 3655 1469 3701; x_wconf 88' lang='grc' dir='ltr'>συνιόν-</span> 
     </span>
     <span class='ocr_line' id='line_1_29' title="bbox 405 3724 1468 3797; baseline 0.003 -21"><span class='ocrx_word' id='word_1_266' title='bbox 405 3725 417 3753; x_wconf 83' lang='lat'>⁸</span> <span class='ocrx_word' id='word_1_267' title='bbox 427 3724 492 3776; x_wconf 72' lang='lat' dir='ltr'>Cod·</span> <span class='ocrx_word' id='word_1_268' title='bbox 502 3725 550 3794; x_wconf 72' lang='grc' dir='ltr'>ὑφ’.</span> <span class='ocrx_word' id='word_1_269' title='bbox 560 3724 654 3791; x_wconf 79' lang='lat' dir='ltr'><strong>Scripsi</strong></span> <span class='ocrx_word' id='word_1_270' title='bbox 667 3728 712 3795; x_wconf 73' lang='grc' dir='ltr'>ἆρ’.</span> <span class='ocrx_word' id='word_1_271' title='bbox 933 3750 980 3780; x_wconf 84' lang='grc' dir='ltr'>των</span> <span class='ocrx_word' id='word_1_272' title='bbox 990 3740 1036 3779; x_wconf 84' lang='grc' dir='ltr'>τῶν</span> <span class='ocrx_word' id='word_1_273' title='bbox 1046 3735 1123 3797; x_wconf 81' lang='grc' dir='ltr'>μίμων</span> <span class='ocrx_word' id='word_1_274' title='bbox 1140 3732 1265 3796; x_wconf 81' lang='grc' dir='ltr'>ἑκατέρων.</span> <span class='ocrx_word' id='word_1_275' title='bbox 1282 3728 1351 3778; x_wconf 83' lang='lat' dir='ltr'><strong>Idem</strong></span> <span class='ocrx_word' id='word_1_276' title='bbox 1362 3728 1468 3780; x_wconf 75' lang='grc' dir='ltr'>Τεῑτειιῑ.</span> 
     </span>
     <span class='ocr_line' id='line_1_30' title="bbox 405 3801 1470 3872; baseline 0.005 -20"><span class='ocrx_word' id='word_1_277' title='bbox 405 3801 512 3853; x_wconf 65' lang='lat' dir='ltr'><strong>‘Codex</strong></span> <span class='ocrx_word' id='word_1_278' title='bbox 530 3805 617 3863; x_wconf 81' lang='grc' dir='ltr'>ἄλλως,</span> <span class='ocrx_word' id='word_1_279' title='bbox 634 3803 802 3869; x_wconf 74' lang='lat' dir='ltr'><strong>superscripto</strong></span> <span class='ocrx_word' id='word_1_280' title='bbox 815 3824 847 3861; x_wconf 82' lang='grc' dir='ltr'>ος.</span> <span class='ocrx_word' id='word_1_281' title='bbox 861 3801 908 3852; x_wconf 84' lang='lat' dir='ltr'>Vi-</span> <span class='ocrx_word' id='word_1_282' title='bbox 933 3822 960 3872; x_wconf 91' lang='lat' dir='ltr'>p.</span> <span class='ocrx_word' id='word_1_283' title='bbox 971 3808 1020 3855; x_wconf 79' lang='lat'>212</span> <span class='ocrx_word' id='word_1_284' title='bbox 1034 3803 1128 3856; x_wconf 73' lang='grc' dir='ltr'>εἈὒπντ</span> <span class='ocrx_word' id='word_1_285' title='bbox 1139 3810 1227 3864; x_wconf 78' lang='grc' dir='ltr'>Παῦλε,</span> <span class='ocrx_word' id='word_1_286' title='bbox 1243 3814 1283 3856; x_wconf 75' lang='grc' dir='ltr'>καί</span> <span class='ocrx_word' id='word_1_287' title='bbox 1293 3812 1369 3872; x_wconf 83' lang='grc' dir='ltr'>μέσων</span> <span class='ocrx_word' id='word_1_288' title='bbox 1383 3817 1470 3857; x_wconf 84' lang='grc' dir='ltr'>νυκτῶν</span> 
     </span>
     <span class='ocr_line' id='line_1_31' title="bbox 372 3880 1469 3948; baseline 0.002 -16"><span class='ocrx_word' id='word_1_289' title='bbox 372 3880 434 3932; x_wconf 79' lang='lat' dir='ltr'><strong>cinae</strong></span> <span class='ocrx_word' id='word_1_290' title='bbox 456 3896 519 3932; x_wconf 86' lang='grc' dir='ltr'>ιοιιο</span> <span class='ocrx_word' id='word_1_291' title='bbox 542 3882 639 3932; x_wconf 77' lang='lat' dir='ltr'><strong>vocales</strong></span> <span class='ocrx_word' id='word_1_292' title='bbox 662 3882 786 3947; x_wconf 80' lang='lat' dir='ltr'><strong>duplicem</strong></span> <span class='ocrx_word' id='word_1_293' title='bbox 816 3882 906 3946; x_wconf 79' lang='lat' dir='ltr'><strong>passim</strong></span> <span class='ocrx_word' id='word_1_294' title='bbox 932 3883 1057 3948; x_wconf 72' lang='grc' dir='ltr'>λέγειςὮ</span> <span class='ocrx_word' id='word_1_295' title='bbox 1074 3889 1183 3948; x_wconf 60' lang='grc' dir='ltr'>ζῆλος...</span> <span class='ocrx_word' id='word_1_296' title='bbox 1203 3885 1287 3935; x_wconf 80' lang='lat' dir='ltr'>Codex</span> <span class='ocrx_word' id='word_1_297' title='bbox 1308 3883 1366 3934; x_wconf 86' lang='lat' dir='ltr'><strong>mihi</strong></span> <span class='ocrx_word' id='word_1_298' title='bbox 1381 3884 1469 3934; x_wconf 74' lang='lat' dir='ltr'><strong>obtulit</strong></span> 
     </span>
     <span class='ocr_line' id='line_1_32' title="bbox 371 3959 1468 4029; baseline 0 -19"><span class='ocrx_word' id='word_1_299' title='bbox 371 3960 473 4025; x_wconf 76' lang='lat' dir='ltr'><strong>pariunt</strong></span> <span class='ocrx_word' id='word_1_300' title='bbox 486 3959 626 4013; x_wconf 77' lang='lat' dir='ltr'><strong>lectionem.</strong></span> <span class='ocrx_word' id='word_1_301' title='bbox 637 3959 781 4011; x_wconf 80' lang='lat' dir='ltr'><strong>Theodorus</strong></span> <span class='ocrx_word' id='word_1_302' title='bbox 798 3959 906 4011; x_wconf 80' lang='lat' dir='ltr'><strong>Prodro-</strong></span> <span class='ocrx_word' id='word_1_303' title='bbox 930 3970 1009 4028; x_wconf 70' lang='grc' dir='ltr'>μέσον,</span> <span class='ocrx_word' id='word_1_304' title='bbox 1023 3963 1089 4029; x_wconf 89' lang='lat' dir='ltr'><strong>quod</strong></span> <span class='ocrx_word' id='word_1_305' title='bbox 1101 3979 1149 4013; x_wconf 87' lang='lat' dir='ltr'>non</span> <span class='ocrx_word' id='word_1_306' title='bbox 1163 3961 1351 4027; x_wconf 81' lang='lat' dir='ltr'><strong>praeferendum.</strong></span> <span class='ocrx_word' id='word_1_307' title='bbox 1363 3960 1468 4021; x_wconf 82' lang='lat' dir='ltr'><strong>ibidem,</strong></span> 
     </span>
     <span class='ocr_line' id='line_1_33' title="bbox 371 4037 1468 4108; baseline -0.002 -18"><span class='ocrx_word' id='word_1_308' title='bbox 371 4053 441 4099; x_wconf 63' lang='lat' dir='ltr'>mus,</span> <span class='ocrx_word' id='word_1_309' title='bbox 463 4037 605 4089; x_wconf 64' lang='lat' dir='ltr'>Rhadaman</span> <span class='ocrx_word' id='word_1_310' title='bbox 634 4038 811 4104; x_wconf 76' lang='lat' dir='ltr'><strong>supplemento</strong></span> <span class='ocrx_word' id='word_1_311' title='bbox 840 4038 906 4102; x_wconf 88' lang='lat' dir='ltr'><strong>quod</strong></span> <span class='ocrx_word' id='word_1_312' title='bbox 931 4058 957 4108; x_wconf 87' lang='lat' dir='ltr'>p.</span> <span class='ocrx_word' id='word_1_313' title='bbox 968 4040 1103 4106; x_wconf 76' lang='grc' dir='ltr'>θθιᾋσμα</span> <span class='ocrx_word' id='word_1_314' title='bbox 1115 4043 1174 4099; x_wconf 86' lang='grc' dir='ltr'>τόδ’,</span> <span class='ocrx_word' id='word_1_315' title='bbox 1184 4039 1249 4105; x_wconf 80' lang='grc' dir='ltr'>ᾆσμα</span> <span class='ocrx_word' id='word_1_316' title='bbox 1260 4043 1338 4107; x_wconf 79' lang='grc' dir='ltr'>γόθοιο</span> <span class='ocrx_word' id='word_1_317' title='bbox 1349 4043 1399 4088; x_wconf 82' lang='grc' dir='ltr'>θεοῦ</span> <span class='ocrx_word' id='word_1_318' title='bbox 1411 4042 1468 4107; x_wconf 79' lang='grc' dir='ltr'>βέλη</span> 
     </span>
     <span class='ocr_line' id='line_1_34' title="bbox 371 4114 1467 4183; baseline -0.005 -13"><span class='ocrx_word' id='word_1_319' title='bbox 371 4114 448 4166; x_wconf 72' lang='lat' dir='ltr'>Bmo</span> <span class='ocrx_word' id='word_1_320' title='bbox 474 4114 592 4165; x_wconf 63' lang='lat' dir='ltr'><strong>debemus</strong></span> <span class='ocrx_word' id='word_1_321' title='bbox 615 4117 667 4166; x_wconf 65' lang='lat' dir='ltr'>Viro</span> <span class='ocrx_word' id='word_1_322' title='bbox 686 4115 765 4175; x_wconf 66' lang='lat' dir='ltr'><strong>doct„</strong></span> <span class='ocrx_word' id='word_1_323' title='bbox 783 4133 808 4165; x_wconf 77' lang='lat' dir='ltr'>V·</span> <span class='ocrx_word' id='word_1_324' title='bbox 832 4119 872 4166; x_wconf 78' lang='lat'>101</span> <span class='ocrx_word' id='word_1_325' title='bbox 897 4137 903 4166; x_wconf 67' lang='grc' dir='ltr'>ἓ</span> <span class='ocrx_word' id='word_1_326' title='bbox 931 4120 1008 4183; x_wconf 79' lang='grc' dir='ltr'>ἄμμιν</span> <span class='ocrx_word' id='word_1_327' title='bbox 1035 4123 1155 4176; x_wconf 81' lang='grc' dir='ltr'>ἂπιιλοῡν,</span> <span class='ocrx_word' id='word_1_328' title='bbox 1179 4119 1283 4181; x_wconf 74' lang='grc' dir='ltr'>Αἵματος</span> <span class='ocrx_word' id='word_1_329' title='bbox 1312 4119 1467 4180; x_wconf 81' lang='grc' dir='ltr'>ἰκμεθίνοντα,</span> 
     </span>
     <span class='ocr_line' id='line_1_35' title="bbox 370 4192 1466 4266; baseline 0.002 -22"><span class='ocrx_word' id='word_1_330' title='bbox 370 4192 450 4258; x_wconf 79' lang='grc' dir='ltr'>Ὅμως</span> <span class='ocrx_word' id='word_1_331' title='bbox 458 4201 577 4261; x_wconf 82' lang='grc' dir='ltr'>περισχὼν</span> <span class='ocrx_word' id='word_1_332' title='bbox 586 4203 625 4246; x_wconf 80' lang='grc' dir='ltr'>τόν</span> <span class='ocrx_word' id='word_1_333' title='bbox 641 4200 711 4260; x_wconf 87' lang='grc' dir='ltr'>θυμὸν</span> <span class='ocrx_word' id='word_1_334' title='bbox 724 4202 764 4245; x_wconf 79' lang='grc' dir='ltr'>καὶ</span> <span class='ocrx_word' id='word_1_335' title='bbox 775 4202 815 4246; x_wconf 78' lang='grc' dir='ltr'>τὸν</span> <span class='ocrx_word' id='word_1_336' title='bbox 827 4199 905 4265; x_wconf 75' lang='grc' dir='ltr'>ρόθον,</span> <span class='ocrx_word' id='word_1_337' title='bbox 931 4203 1059 4266; x_wconf 81' lang='grc' dir='ltr'>κριοράγου</span> <span class='ocrx_word' id='word_1_338' title='bbox 1068 4216 1093 4245; x_wconf 85' lang='grc' dir='ltr'>τε</span> <span class='ocrx_word' id='word_1_339' title='bbox 1100 4203 1223 4263; x_wconf 83' lang='grc' dir='ltr'>μαχαίρης</span> <span class='ocrx_word' id='word_1_340' title='bbox 1230 4198 1317 4244; x_wconf 82' lang='grc' dir='ltr'>Χιίλια</span> <span class='ocrx_word' id='word_1_341' title='bbox 1326 4201 1466 4264; x_wconf 76' lang='grc' dir='ltr'>παμραγία.</span> 
     </span>
     <span class='ocr_line' id='line_1_36' title="bbox 370 4271 1468 4343; baseline 0.004 -23"><span class='ocrx_word' id='word_1_342' title='bbox 370 4277 419 4321; x_wconf 69' lang='grc' dir='ltr'>Καὶ</span> <span class='ocrx_word' id='word_1_343' title='bbox 450 4274 571 4339; x_wconf 79' lang='grc' dir='ltr'>κυριεύσας</span> <span class='ocrx_word' id='word_1_344' title='bbox 599 4283 645 4324; x_wconf 73' lang='grc' dir='ltr'>τῶν</span> <span class='ocrx_word' id='word_1_345' title='bbox 676 4278 755 4324; x_wconf 83' lang='grc' dir='ltr'>παθῶν</span> <span class='ocrx_word' id='word_1_346' title='bbox 785 4277 903 4341; x_wconf 73' lang='grc' dir='ltr'>ἑκατέρου.</span> <span class='ocrx_word' id='word_1_347' title='bbox 932 4275 1015 4325; x_wconf 80' lang='lat' dir='ltr'><strong>lnveni</strong></span> <span class='ocrx_word' id='word_1_348' title='bbox 1043 4279 1192 4343; x_wconf 75' lang='grc' dir='ltr'>κρεωγάγον,</span> <span class='ocrx_word' id='word_1_349' title='bbox 1218 4272 1291 4322; x_wconf 78' lang='lat' dir='ltr'><strong>hene.</strong></span> <span class='ocrx_word' id='word_1_350' title='bbox 1320 4271 1370 4322; x_wconf 73' lang='lat' dir='ltr'>Sed</span> <span class='ocrx_word' id='word_1_351' title='bbox 1396 4275 1468 4324; x_wconf 75' lang='lat' dir='ltr'><strong>teriia</strong></span> 
     </span>
     <span class='ocr_line' id='line_1_37' title="bbox 371 4349 1465 4420; baseline 0.007 -22"><span class='ocrx_word' id='word_1_352' title='bbox 371 4349 470 4399; x_wconf 78' lang='lat' dir='ltr'><strong>Editum</strong></span> <span class='ocrx_word' id='word_1_353' title='bbox 492 4353 603 4418; x_wconf 67' lang='grc' dir='ltr'>ἑκατέρου</span> <span class='ocrx_word' id='word_1_354' title='bbox 624 4367 638 4402; x_wconf 83' lang='grc' dir='ltr'>ο</span> <span class='ocrx_word' id='word_1_355' title='bbox 658 4351 812 4416; x_wconf 74' lang='lat' dir='ltr'>conjectura,</span> <span class='ocrx_word' id='word_1_356' title='bbox 831 4370 905 4418; x_wconf 88' lang='lat' dir='ltr'><strong>quum</strong></span> <span class='ocrx_word' id='word_1_357' title='bbox 931 4362 1013 4403; x_wconf 82' lang='lat' dir='ltr'>manet</span> <span class='ocrx_word' id='word_1_358' title='bbox 1026 4350 1143 4402; x_wconf 79' lang='lat' dir='ltr'><strong>invalida.</strong></span> <span class='ocrx_word' id='word_1_359' title='bbox 1156 4351 1209 4402; x_wconf 77' lang='lat' dir='ltr'><strong>Erit</strong></span> <span class='ocrx_word' id='word_1_360' title='bbox 1222 4370 1254 4420; x_wconf 77' lang='grc' dir='ltr'>γα</span> <span class='ocrx_word' id='word_1_361' title='bbox 1270 4350 1465 4418; x_wconf 82' lang='lat' dir='ltr'><strong>producendum.</strong></span> 
     </span>
     <span class='ocr_line' id='line_1_38' title="bbox 371 4430 1085 4495; baseline -0.003 -15"><span class='ocrx_word' id='word_1_362' title='bbox 371 4430 404 4480; x_wconf 77' lang='lat' dir='ltr'>sit</span> <span class='ocrx_word' id='word_1_363' title='bbox 416 4432 531 4495; x_wconf 73' lang='grc' dir='ltr'>ἑκατέρων</span> <span class='ocrx_word' id='word_1_364' title='bbox 545 4431 570 4481; x_wconf 87' lang='lat' dir='ltr'>in</span> <span class='ocrx_word' id='word_1_365' title='bbox 586 4445 635 4481; x_wconf 88' lang='lat' dir='ltr'>uno</span> <span class='ocrx_word' id='word_1_366' title='bbox 650 4430 774 4490; x_wconf 84' lang='lat' dir='ltr'><strong>codicum,</strong></span> <span class='ocrx_word' id='word_1_367' title='bbox 792 4433 815 4481; x_wconf 90' lang='lat' dir='ltr'>in</span> <span class='ocrx_word' id='word_1_368' title='bbox 829 4432 906 4482; x_wconf 80' lang='grc' dir='ltr'>κίιοιο</span> <span class='ocrx_word' id='word_1_369' title='bbox 933 4431 994 4481; x_wconf 79' lang='lat' dir='ltr'><strong>vide</strong></span> <span class='ocrx_word' id='word_1_370' title='bbox 1004 4448 1029 4495; x_wconf 85' lang='lat' dir='ltr'>p.</span> <span class='ocrx_word' id='word_1_371' title='bbox 1044 4433 1085 4479; x_wconf 74' lang='lat' dir='ltr'>il.</span> 
     </span>
    </p>
   </div>
   <div class='ocr_carea' id='block_1_5' title="bbox 0 0 1846 5659">
    <p class='ocr_par' dir='ltr' id='par_1_7' title="bbox 0 0 1846 5659">
     <span class='ocr_line' id='line_1_39' title="bbox 0 0 1846 5659; baseline 0 4"><span class='ocrx_word' id='word_1_372' title='bbox 0 0 1846 5659; x_wconf 95' lang='lat' dir='ltr'> </span> 
     </span>
    </p>
   </div>
  </div>
 </body>
</html>
