3684 5659
442 610 490 686 92
779 620 814 677 r.
841 619 916 679 τοι
941 614 1197 679 πλῖιιιιιιευοιπ

442 756 525 821 κατὰ
550 751 673 845 τρόπονι
699 754 751 817 καὶ
782 755 868 839 ὑμεῖς
892 751 1029 843 λέγοιμεν
1059 755 1110 816 καί
1138 749 1222 839 ὑμεῖς
1250 749 1437 825 ἀκούσαντες
1463 750 1535 839 κρί-

443 891 533 932 νοιτε.

491 977 531 1042 Τὸ
557 972 627 1063 μέν’
649 973 720 1050 τοὺς
742 973 903 1061 πολεμίους
923 973 1021 1065 λέγειν
1040 973 1121 1049 ὅπως
1145 971 1271 1043 ἐπῆλθον
1294 981 1332 1061 τῇ
1355 971 1459 1054 πόλει,
1482 973 1535 1037 καί

443 1086 523 1163 ὅπως
536 1088 784 1178 περικαθίσαντες
796 1084 989 1175 ἐπολιόρκουν
1005 1066 1058 1150 καί
1075 1080 1160 1149 δεινὰ
1177 1082 1295 1148 ἐποίουν
1307 1075 1417 1171 ἡμᾶς’,
1433 1107 1539 1176 περιτ·

440 1199 491 1263 τὸν
509 1200 644 1288 ἡγοῦμαι
660 1198 713 1261 καί
730 1195 859 1286 ὀχληρὸν
876 1195 994 1280 ἄλλως,
1014 1199 1039 1260 εἰ
1056 1196 1096 1259 τοί
1111 1202 1189 1260 πᾶσι
1209 1190 1289 1264 δῆλα
1302 1194 1534 1285 παρειςκυκλῶ,

441 1312 494 1374 καί
513 1309 638 1401 φορυτὸν
659 1314 727 1399 ἄγω
746 1300 941 1398 συγχύσεων.
961 1301 1114 1372 Κοῖκεῖναδ
1132 1307 1191 1399 γὰρ
1216 1301 1354 1393 οίθαμεν·
1377 1306 1429 1370 καί
1448 1298 1538 1383 αῦθις

440 1412 510 1484 τάδ’
525 1415 664 1506 οἴδαμεν,
685 1419 726 1494 ὡς
739 1415 833 1494 οὑτως
851 1421 961 1507 ἔχομεν
977 1420 1128 1508 ἅνθρωποι
1140 1418 1214 1509 πρὸς
1230 1415 1396 1494 ἀλλήλους,
1413 1418 1466 1482 καὶ
1481 1416 1537 1482 οὑκ

441 1530 478 1595 ἂν
490 1531 598 1622 χρόνον
612 1555 658 1605 τις
669 1529 814 1601 ἐννοήσειε
827 1525 905 1619 θίχα
917 1529 1055 1616 πολέμων
1067 1531 1119 1594 καί
1130 1536 1271 1617 ταραχῆς
1282 1529 1335 1594 καί
1353 1527 1538 1615 φιλονεικίας

440 1642 615 1733 ἀνθρώπων.
634 1622 738 1725 Ᾰλλοί,
758 1641 815 1706 κᾶν
831 1640 969 1727 πολέμων
989 1639 1074 1716 ἐκτός
1090 1665 1136 1716 τις
1153 1635 1191 1730 ᾗ,
1213 1641 1247 1705 τὸ
1266 1638 1312 1705 ἐπὶ
1332 1634 1541 1730 δικαστηρίων

439 1753 458 1824 ἢ
477 1753 536 1840 μὴν
552 1754 605 1818 καί
625 1749 844 1845 βουλευτηρίων
856 1755 909 1817 καὶ
929 1751 975 1817 ἐπὶ
990 1754 1107 1844 ἀγοραῖς
1124 1747 1356 1842 διαμφισθητεῖν
1373 1750 1428 1815 οὑκ
1446 1750 1538 1817 ἐκλέ-

439 1863 535 1928 λοιπε.
564 1865 624 1928 Ka}
650 1866 738 1950 ἡμεῖς
757 1863 904 1939 πολλάκις
926 1862 1144 1953 ἡνωχλήσομεν
1172 1861 1332 1944 ἀλλήλοις,
1351 1864 1404 1927 καί
1431 1862 1540 1940 ἄλλοις

442 1971 550 2067 ἕτεροι.
567 1973 679 2045 Συυέθη
693 1980 781 2039 τοῦτο
798 1976 850 2039 καί
867 1972 912 2065 ἐφ’
926 1971 1010 2060 ὑμῖν,
1027 1975 1079 2039 καί
1098 1973 1219 2064 γέγονε.
1241 1973 1322 2044 Πλὴν
1338 1971 1393 2038 οὐκ
1409 1969 1446 2044 ἦν
1461 1974 1538 2050 ὥςτε

439 2085 491 2148 καὶ
517 2083 676 2175 ἀπολέγειν
697 2082 805 2172 ὑμᾶς“,
823 2087 875 2151 καί
894 2086 969 2176 πρὸς
989 2086 1043 2156 τὴν
1064 2092 1124 2150 τῶν
1142 2080 1247 2150 δεινῶν
1268 2083 1386 2150 ἐκείνων
1403 2083 1540 2150 ἐπίθεσιν

507 2199 531 2217 Η

439 2197 675 2287 ἀπορρᾳθυμεῖν·
696 2198 747 2261 καί
765 2198 825 2288 γὰρ
843 2199 895 2262 καὶ
916 2199 1073 2290 χρήμασιν
1085 2192 1121 2269 ἦν
1137 2198 1189 2262 καὶ
1203 2197 1327 2284 σώμασι
1344 2193 1535 2285 μάχεσθαι’.

439 2307 513 2382 Ιίνὸς
528 2303 589 2371 ἔθει
604 2310 657 2371 τοῦ
670 2313 857 2400 στρατηγοῦ·
878 2310 931 2373 καί
949 2317 1035 2393 νικᾷν
1051 2307 1226 2394 η’λπίζομευ,
1245 2310 1271 2371 εἰ
1283 2310 1539 2399 χειροτονήσομεν

438 2419 556 2482 καὶτὸν
574 2415 672 2494 ἄξιον.

486 2529 583 2600 Βουλή
600 2534 673 2620 γοῦν
687 2532 841 2617 συνήχθη,
858 2533 911 2594 καί
927 2529 1034 2618 σκέψις
1047 2528 1174 2601 συνέστη
1190 2577 1199 2606 ,
1214 2530 1345 2620 καὶπερὶ
1360 2534 1539 2621 στρατηγοῦ

439 2637 545 2714 καλοῖς
559 2639 696 2716 ὁπλίταις
712 2643 911 2731 προςήκοντος
930 2638 1064 2733 ἀκριθῶς
1081 2636 1277 2726 ἐξητάζομεν.

487 2752 549 2814 Καί
572 2775 617 2825 τις
640 2751 797 2843 παρελθὼν
818 2754 860 2826 εἰς
886 2751 996 2839 μέσους
1012 2786 1063 2799 -
1079 2753 1131 2816 καὶ
1160 2758 1219 2816 τῶν
1242 2750 1340 2841 λόγων
1359 2750 1534 2839 μέμνησθε,

439 2855 523 2924 οἶθα·
541 2863 566 2924 εἰ
585 2856 615 2925 θ’
635 2853 699 2943 οὑν,
715 2860 782 2927 ἀλλ’
798 2865 977 2949 ἀναμνήσω·
995 2863 1083 2956 ὁγὰρ
1104 2862 1195 2927 ἐπιὼν
1211 2871 1275 2937 τοῖς
1288 2861 1444 2954 προτέροις
1460 2864 1538 2956 χρό-

438 2993 506 3054 νος,
529 2972 568 3034 τὰ
595 2969 688 3035 αὑτοῦ
709 2972 817 3064 φέρων,
841 2971 941 3037 ἐκεῖνα
957 2976 1078 3048 ποίντως
1100 2982 1296 3066 παραιρεῖται
1315 2977 1368 3037 τοῦ
1386 2976 1538 3062 μνήμονος

438 3117 487 3129 --
497 3084 657 3172 παραστὰς
669 3085 766 3147 τοίνυν
779 3101 787 3116 ·
806 3106 822 3139 ι(
837 3061 968 3174 ὑνθρες,
988 3109 1002 3140 ν
1017 3081 1098 3168 εἷπε,
1114 3084 1282 3169 «πολῖται,
1299 3090 1472 3174 στρατηγοῦ
1488 3080 1539 3150 δεῖ

438 3193 556 3267 πάντως
574 3194 657 3279 ἡμῖν,
678 3199 847 3285 στρατηγοῦ
868 3196 1052 3280 μένου,τοὺ
1075 3194 1145 3270 τοὺς
1161 3194 1322 3286 ἡμετέρους
1347 3197 1533 3272 κινήσοντος.

437 3307 547 3367 Τοῦτον
560 3307 660 3378 ζητεῖν
678 3299 746 3387 θεῖ,
769 3310 872 3369 τοῦτον
890 3305 1082 3395 ἐκλέγεσθαι.
1101 3305 1236 3381 Πολλοὺς
1252 3304 1416 3398 εὑρήσομεν
1430 3305 1465 3372 ἐκ
1481 3313 1537 3372 τοῦ

437 3423 643 3506 παραχρῆμα·
666 3411 736 3480 οὑθὲ
753 3418 813 3508 γὰρ
834 3420 954 3508 ἀμοιρεῖ
974 3417 1027 3482 οὑν
1045 3421 1103 3504 θεῷ
1120 3417 1233 3482 τούτων
1249 3421 1269 3488 ἡ
1287 3417 1374 3494 πόλις
1390 3421 1488 3505 ἡμῶν.
1507 3400 1535 3484 (ὑ

340 3546 349 3557 ·
437 3524 490 3612 μὲν
512 3525 571 3617 ἐρεῖ
586 3532 703 3611 τοῦτον,
725 3527 740 3591 ὁ
759 3524 788 3592 δ’
814 3527 939 3612 ἐκεῖνον,
959 3532 1012 3593 καὶ
1033 3529 1124 3604 ἄλλος
1143 3528 1247 3594 ἄλλον·
1267 3531 1320 3594 καί
1342 3533 1453 3606 πάντες
1475 3526 1534 3596 δό-

437 3632 521 3711 ξουσι
540 3640 705 3726 χρήσιμοι,
727 3641 778 3702 καί
798 3643 907 3714 ποίντες
924 3639 1017 3731 λόγου
1041 3641 1120 3716 τινὸς
1136 3637 1231 3716 ἄξιοι.
1250 3641 1408 3732 Πλὴνχρὴ
1427 3638 1533 3734 διαγι-

436 3748 560 3811 νώσκειν
576 3747 629 3816 τίον
645 3757 698 3823 τῆς
712 3748 836 3841 ἐκλογῆς
850 3738 991 3838 θὺναμιν,
1008 3755 1059 3816 καί
1074 3753 1103 3815 τί
1118 3754 1257 3837 σημαίνει
1271 3757 1358 3816 τοῦτο
1369 3752 1403 3817 τὸ
1422 3757 1530 3840 ὄνομα·

438 3855 503 3943 ὅτι,
533 3857 650 3922 πολλῶν
681 3860 791 3947 ὁμοίων
820 3861 993 3952 παρόντων,
1021 3870 1212 3954 προτιμώμεν
1236 3864 1286 3928 τὸν
1315 3862 1530 3955 ὑπερφέροντα.

437 3944 524 4032 ίίστω
542 3973 614 4060 γοῦν
633 3994 679 4044 τις
698 3969 713 4033 ὁ
733 3973 975 4064 προτιμώμευος,
995 3970 1088 4050 ἀξιῶ,
1106 3969 1196 4049 εἰδὼς
1215 3972 1269 4061 μὲν
1286 3976 1338 4039 καὶ
1355 3973 1457 4051 καλῶς
1473 4000 1534 4040 πα·

436 4083 601 4169 ρατοίσσειν
617 4079 710 4156 λαοὺς
730 4085 781 4147 καὶ
809 4078 882 4175 θέρυ
902 4084 1037 4177 στρέφειν
1054 4086 1204 4176 ἐρίστως,
1226 4087 1360 4161 καὶτοῖς
1380 4085 1533 4175 πολεμίοις

471 4276 478 4302 ⁴
493 4277 554 4327 Vide
567 4294 593 4342 p.
609 4280 652 4339 67,
664 4294 688 4327 n.
705 4280 730 4329 ί.
1032 4279 1147 4331 ‘schoht
1159 4287 1310 4339 κατάστασις-

470 4352 480 4378 ’
496 4355 594 4415 Codex,
606 4364 633 4406 τὸ
645 4363 687 4420 μὲν
701 4353 748 4415 οὑν,
761 4356 844 4407 θείοιο
855 4356 902 4408 οὖν.
1031 4358 1112 4409 ⁵Cod.
1131 4360 1191 4423 ὑμᾶς
1205 4375 1234 4409 ac
1245 4376 1319 4425 supra
1329 4367 1354 4418 ἡ.

470 4428 527 4479 ’λλθ
546 4433 610 4482 δεινὰ
625 4443 700 4483 ποιεῖν
713 4450 739 4499 ρ.
754 4437 796 4495 67,
809 4451 834 4483 n.
850 4445 870 4482 Ι.
1031 4435 1113 4486 ⁶Vide
1126 4454 1152 4501 p.
1163 4439 1205 4496 82,
1220 4453 1245 4488 n.
1260 4441 1284 4488 ἵ.
