3684 5659
373 600 444 668 250
708 604 742 661 Γ.
771 601 845 662 ΤΟΥ
871 597 1129 661 ΠΑΧΥΜΕΡΟΥΣ

371 741 478 831 τηγόν·
502 740 542 814 ὡς
564 734 593 802 δ’
614 744 746 828 εἴργοντο
763 735 864 823 νόμοις
881 735 922 822 μὴ
943 737 1065 799 κτείνειν
1083 733 1231 811 λαθόντας
1255 736 1307 800 καί
1336 733 1365 799 έν
1388 761 1462 826 χερ-

372 848 435 914 σίν1
452 854 594 938 ἔχοντας,
621 851 645 911 εί
667 849 708 934 μή
727 871 761 937 γε
785 848 869 936 παρά
891 847 942 910 τὸν
958 845 1100 933 πόλεμον,
1121 845 1221 921 ἄλλως
1235 846 1270 911 τὸ
1288 845 1466 938 αὐτουργεῖν

372 962 587 1052 μετεχείριζου,
606 960 658 1022 καί
679 954 827 1042 βασάνοις
842 951 1027 1048 παρεδίδουν
1048 966 1170 1048 πικραῖς
1191 959 1243 1022 καί
1269 959 1388 1033 αἰκίαις
1410 958 1465 1022 οῦ·
1528 1004 1533 1016 .

373 1094 477 1158 μενουν
496 1077 656 1160 φορηταῑς,
680 1062 815 1132 ἐκποδὼν
835 1074 961 1135 ποιῆσαι
977 1068 1028 1130 τὸν
1045 1065 1189 1141 πολλάκις
1208 1065 1320 1142 αῦτοῦς
1337 1068 1378 1130 τά
1394 1069 1463 1156 χεί-

373 1205 464 1271 ριστα
476 1174 663 1271 δράσαντα’,
679 1181 777 1261 κενήν,
794 1177 809 1243 ὅ
823 1200 914 1265 φασι,
930 1173 1095 1269 πρόφασινθ
1111 1177 1309 1262 πλάττοντες,
1324 1178 1359 1243 τὸ
1373 1178 1466 1243 θέλειν

373 1294 479 1378 μαθεῖν
495 1314 523 1353 τι
540 1297 598 1353 τῶν
616 1290 792 1381 ἀπορρήτων
808 1296 861 1363 τῆς
877 1289 1004 1364 πόλεως.

422 1381 494 1465 Ᾰλλ’
524 1396 606 1487 εἶχον
635 1398 730 1463 ε’κεῖνο
760 1398 863 1484 μόλις,
891 1398 1047 1488 ὁμολογῶ·
1081 1394 1164 1487 εἶχον
1192 1398 1224 1464 ἐκ
1251 1408 1306 1476 τῆς
1332 1401 1466 1491 ἀνάγκης

375 1511 488 1587 ἐκείνης
505 1534 589 1600 παρα
821 1506 872 1573 ἐκ*
889 1517 948 1572 τῶν
963 1503 1140 1600 καρδιακών
1156 1511 1317 1601 θησαυρῶν
1333 1512 1387 1575 καί
1404 1536 1465 1577 πα-

373 1616 616 1713 ραφθεγξαμένης
640 1617 709 1711 ὅπερ
736 1618 790 1683 οῦκ
812 1615 887 1684 ἔθει.
915 1621 974 1683 Καὶ
1002 1619 1108 1704 αῦτοί,
1133 1620 1228 1712 ὥςπερ
1257 1621 1468 1709 αἰσχυνθέντες

373 1733 408 1798 τὸ
431 1739 558 1818 φανῆναι
578 1731 688 1813 κακοί,
713 1729 841 1794 ἀπέλυον
867 1735 1007 1809 ἄκοντες,
1032 1729 1286 1818 μεταμελοῦμενοι
1310 1727 1401 1804 δῆθεν
1423 1732 1466 1799 ὅτι

375 1845 416 1930 μὴ
441 1843 496 1913 τὴν
518 1841 615 1932 ἀρχὴν
642 1842 775 1929 ἀπῄτουν
799 1834 957 1919 ἀδύνατα,
976 1838 1020 1932 ἐρ’
1040 1834 1085 1915 οἷς
1101 1842 1153 1905 καί
1176 1836 1415 1932 διαπερωνηκὼς
1432 1845 1467 1909 ἀν

374 1952 557 2039 ε’κτεινόμην,
577 1951 711 2015 κάκεῖνοι
728 1956 780 2014 τοῦ
798 1949 915 2026 ε’ςαῦθις
932 1948 1026 2042 ρόθου
1042 1949 1192 2043 παρευθῦς
1209 1950 1446 2020 ἀπελλοίττοντο.

422 2042 542 2126 λίκεῖνοι
570 2058 622 2146 μὲν
652 2053 703 2124 οῦν
734 2057 810 2125 οῦτω
841 2065 1038 2145 σκοποῦντες,
1072 2059 1149 2127 οῦτω
1179 2064 1232 2137 καὶ
1263 2071 1318 2140 τῆς
1348 2062 1468 2142 ἐλπίδος

373 2169 576 2258 ἐψεύσθησαν.
606 2150 633 2234 (λ
658 2165 690 2235 δὲ
720 2172 825 2262 παρὼν
853 2162 956 2255 οῦτος,
981 2171 1052 2236 κατ’
1076 2171 1148 2254 ἐμοῦ
1171 2172 1266 2238 πνέων
1290 2171 1411 2267 βαρύς,
1434 2176 1467 2240 τὸ

373 2283 513 2370 ε’λλεῖψαν
533 2281 654 2357 ἐκείνοις
673 2282 859 2373 ἀναπληροῖ,
883 2283 936 2347 καί
960 2281 1037 2347 θέλει
1058 2283 1187 2373 φονεύειν
1210 2282 1242 2349 ὃν
1260 2283 1316 2350 οῦκ
1333 2292 1468 2375 ἴσχυσαν

374 2394 479 2460 ε’κεῖνοι
507 2393 658 2475 θέλοντες,
686 2395 738 2458 καί
766 2389 889 2459 διπλοῦν
915 2402 979 2470 τοῖς
1000 2393 1120 2485 ἐχθροῖς
1140 2396 1175 2460 τὸ
1197 2392 1306 2487 κέρδος
1326 2407 1468 2490 πειρᾶται

372 2514 546 2598 περιϊστᾷν,
571 2498 616 2580 οἷς
638 2528 670 2568 τε
691 2503 765 2596 παρ’
784 2503 857 2592 ἐμοῦ
877 2512 1003 2581 ἄκοντος
1025 2504 1147 2590 ἔλαθον,
1167 2508 1219 2571 καί
1239 2501 1285 2584 οἷς
1301 2506 1407 2595 ὑμεῖς,
1432 2511 1469 2575 ἀν

372 2616 468 2704 τούτῳ
490 2617 650 2690 πείσθητε,
677 2617 830 2685 ποιήσετε.
855 2618 891 2679 Et
919 2610 967 2679 δεῖ
987 2610 1020 2680 δὲ
1040 2620 1128 2681 τοῦτο
1151 2615 1310 2708 γενέσθαι,
1335 2626 1395 2685 εἴτε
1416 2621 1466 2686 καί

375 2730 434 2815 μή,
454 2735 577 2793 σκοπεῖν
599 2721 689 2801 ἀξιῶ.
714 2721 795 2790 Οῦδὲ
816 2727 874 2817 γάρ
891 2733 958 2791 ἴσον
975 2722 1051 2791 εἶναι
1069 2722 1151 2792 δοκῶ
1167 2727 1201 2791 τὸ
1222 2725 1304 2816 ὑμᾶς
1326 2732 1465 2815 κτείνειν,

410 3017 503 3078 ’Cod·‚
521 3023 561 3066 καὶ
579 3025 669 3085 χερσίν,
684 3015 775 3065 inserui
789 3019 812 3066 ἓν
838 3018 906 3067 Potui
934 3018 1007 3070 Char.
1018 3020 1050 3068 20
1063 3040 1069 3067 :
1083 3017 1107 3070 εῦ
1118 3032 1190 3071 ποιῶν
1204 3028 1250 3089 γὰρ
1262 3023 1357 3080 αῦτοῦς.
1373 3024 1467 3074 Ammo·

375 3096 644 3160 scriberenitrp.‚qua
659 3096 720 3144 crasi
738 3111 908 3161 nonnusquam
935 3096 988 3144 nius
1013 3097 1040 3147 V.
1064 3099 1164 3148 Aristot.
1179 3115 1205 3164 p.
1229 3103 1256 3147 11
1275 3098 1320 3150 τεῦ
1338 3112 1412 3152 ποιῶν
1430 3109 1467 3151 καί

375 3187 412 3225 est
423 3191 488 3224 usus.
507 3174 665 3222 Doctissirnus
684 3171 735 3236 ejus
752 3172 907 3224 historiarum
935 3176 1024 3241 ἑκάστῳ
1046 3177 1094 3242 ἰδίᾳ
1113 3185 1153 3227 καὶ
1174 3189 1232 3229 πᾶσι
1254 3192 1330 3248 κοινῇ.
1350 3181 1466 3246 Exempla

375 3254 454 3302 editor
472 3252 503 3302 ad
522 3253 586 3301 hane
603 3251 748 3300 sententiam
768 3251 793 3300 in
807 3252 908 3301 Andro·
935 3252 1007 3301 dativi
1022 3254 1120 3320 collegit
1136 3256 1211 3307 Zeun.
1228 3258 1260 3307 ad
1275 3259 1349 3310 Idiot.
1369 3259 1424 3324 vig.
1438 3262 1465 3316 5,

374 3331 444 3391 nico,
455 3333 485 3391 5,
503 3331 546 3388 tt,
558 3346 584 3393 p.
598 3329 661 3385 396,
678 3328 798 3395 ὅρκους...
812 3333 907 3393 λαμθά-
934 3328 950 3395 §
969 3332 1012 3389 10,
1030 3334 1075 3392 163
1089 3336 1219 3384 accusativi
1235 3335 1353 3386 Schaeht.
1367 3337 1399 3386 ad
1409 3337 1468 3386 Mat-

374 3432 417 3460 νων
430 3417 469 3459 καί
480 3416 546 3476 μέρει
560 3410 650 3468 διδοὺς,
664 3407 764 3472 conjicit
777 3409 907 3474 legendnm
936 3407 991 3456 thaei
1009 3409 1083 3459 verba
1100 3413 1140 3472 27,
1157 3415 1187 3459 θλ
1198 3433 1204 3461 :
1217 3421 1242 3464 τί
1259 3410 1298 3464 οῦν
1317 3424 1409 3472 ποιήσω
1424 3411 1468 3472 Ἰη-

374 3506 428 3539 esse
447 3496 486 3538 καὶ
505 3491 527 3538 ἐν
545 3509 572 3552 μ.
593 3487 623 3536 Et
642 3489 683 3536 κάν
704 3487 855 3536 conveniret.
873 3487 907 3535 De
936 3494 1003 3544 σοῡν;

374 3567 482 3616 formulis
495 3569 516 3614 ἐν
530 3573 611 3634 μέρει,
624 3566 646 3613 έν
659 3575 693 3632 τῷ
711 3571 777 3632 μέρει
793 3565 907 3614 eruditis·
968 3565 1145 3618 ³Proverbium
1165 3578 1230 3626 κενὴν
1250 3575 1369 3640 πρόφασιν
1390 3577 1468 3623 πλάτ-

374 3646 458 3694 simam
466 3644 563 3708 scripsit
571 3653 651 3692 notam
662 3642 907 3692 C.Fri‹l.Hermann.
935 3663 982 3694 τειν
993 3644 1075 3707 legere
1090 3662 1138 3695 non
1156 3650 1263 3698 memini.
1278 3649 1379 3699 Memini
1397 3649 1465 3699 vieini

374 3723 405 3770 ad
416 3722 475 3770 hue.
491 3721 522 3768 de
536 3721 638 3770 Conser.
652 3720 714 3770 Hist.
728 3736 754 3785 p.
767 3723 790 3768 6.
934 3721 1055 3786 proverbii
1071 3725 1138 3787 apud
1155 3725 1349 3790 Diogenianum‚
1369 3731 1395 3789 7,
1415 3729 1444 3775 87
1460 3745 1466 3776 :

407 3797 512 3847 ’Codex
527 3798 595 3862 prius
610 3798 703 3857 αῦτοῖς,
719 3807 769 3846 tum
787 3812 802 3845 θ
823 3813 907 3847 eorre—
934 3805 1068 3867 προράσεως
1082 3803 1159 3853 δεῖται
1176 3808 1245 3868 μόνον
1262 3810 1276 3862 ἡ
1294 3813 1424 3874 παροιμία·
1439 3804 1468 3854 ad

374 3877 454 3926 ctione
473 3876 564 3932 αὖτοὺς.
586 3875 647 3924 Cum
664 3874 745 3924 verbis
757 3884 834 3925 ποιεῖν
849 3877 906 3942 ῖρᾷν
933 3893 1006 3942 quem
1034 3879 1088 3929 vide
1115 3881 1221 3941 Schott.,
1251 3883 1343 3934 collato
1369 3885 1466 3933 Erasmo

372 3966 475 4022 uterque
491 3971 560 4004 cesus
579 3963 615 4002 est
630 3953 654 4002 in
674 3969 726 4002 usu.
742 3953 861 4004 Isocrateo
875 3955 906 4003 ad
934 3954 998 4004 chit.
1018 3958 1050 4014 2,
1067 3962 1076 4004 1
1091 3995 1097 4015 ‚
1115 3960 1161 4019 68,
1181 3972 1207 4010 et
1223 3960 1320 4012 editore
1337 3960 1465 4013 Oroniensi

374 4036 443 4085 Dein.
465 4051 490 4100 p.
509 4035 634 4090 θικακοῦς
653 4029 677 4082 εῦ
693 4043 807 4083 ποιῶν...
827 4037 908 4091 καλοὺς
933 4032 1033 4084 Aristoi.
1047 4034 1118 4086 Rhet.
1135 4041 1162 4095 1,
1177 4041 1220 4097 th,
1236 4041 1279 4088 23.

373 4111 398 4164 εὖ
413 4125 530 4165 ποιεῖν....
543 4119 595 4170 τοὺς
607 4116 706 4177 ἀγαθοὺς
720 4109 745 4163 εῦ
759 4121 830 4164 ποίει·
847 4130 907 4179 quos
966 4111 1029 4161 ‘Est
1042 4115 1065 4163 in
1080 4118 1165 4166 codiee
1177 4117 1306 4176 iacunula‚
1322 4118 1392 4182 eujus
1404 4133 1467 4168 men·

374 4192 514 4242 describens
525 4193 592 4241 locos
602 4191 735 4256 Georgides
746 4191 906 4254 Gnomologio
932 4207 1013 4241 suram
1030 4195 1139 4256 praehent
1154 4198 1295 4261 superiores
1307 4197 1410 4262 syllabae
1422 4200 1465 4267 ῥη·

373 4270 398 4317 in
414 4269 474 4318 nreis
491 4269 584 4319 Aneed.
603 4269 645 4318 Gr.
666 4279 684 4318 t.
696 4270 723 4328 l,
737 4285 780 4334 pp.
794 4271 840 4327 51,
860 4271 905 4327 52,
931 4288 977 4318 των
993 4282 1034 4328 τῆς
1048 4278 1101 4322 πολ.
1119 4274 1229 4325 Fortasse
1239 4276 1374 4340 legendum
1387 4295 1467 4343 παροι-

374 4347 420 4404 83,
438 4344 531 4395 ‹lativos
558 4345 671 4406 exhibet;
691 4347 735 4396 sed
757 4349 906 4396 accusativos
932 4355 1039 4410 σπώσης,
1067 4353 1134 4416 quod
1163 4352 1258 4404 videtur
1288 4352 1401 4416 brevius5
1430 4353 1463 4403 rei

373 4423 453 4486 reperi
484 4424 507 4470 in
535 4424 582 4472 alio
608 4424 702 4473 codiee.
725 4424 906 4489 Theophrastus
931 4433 1423 4501 παρασπωμένης,νελπαρασπασαμένης.
