3684 5659
426 623 471 693 52
760 631 795 690 Γ.
824 630 898 690 ΤΟΥ
922 627 1181 691 ΠΑΧΥΜΕΡΟΥΣ

423 766 555 856 γνώμην,
586 762 722 830 ἀλλ’ὅτι
747 768 953 852 στοχάζεται,
978 766 1018 840 ὡς
1049 765 1142 857 γε’ρων
1168 772 1241 839 ἴσως
1268 769 1320 831 καὶ
1349 766 1449 831 πολλὰ
1477 777 1519 854 τῷ

422 876 522 966 χρόνῳ
539 872 657 963 μαθὼν1
680 875 698 945 ἢ
716 879 776 940 κάκ
794 877 957 965 γνώσεως·
978 884 1058 966 εῖπερ
1081 874 1176 952 οὕτως
1202 876 1313 952 ἐκεῖνος
1330 876 1383 966 μὲν
1402 879 1515 971 ἔλεγεν,

422 985 483 1075 ε’γὼ
494 981 538 1071 δ’,
554 983 637 1063 ἀπαξ
648 995 712 1062 τοῖς
725 982 918 1077 δεδογμένοις
933 986 1077 1076 ἐμμένων,
1090 987 1253 1076 ε’όιαζόμην
1267 991 1319 1052 καί
1334 989 1388 1059 τὴν
1400 992 1519 1082 γραφὴν

424 1095 536 1167 ἐκείνην
552 1099 604 1162 καὶ
626 1099 679 1168 τὴν
692 1100 846 1163 ἀνάθεσιν.
865 1099 954 1162 Κατά
967 1101 997 1162 τί
1014 1099 1074 1190 γάρ
1093 1098 1167 1163 άλλο
1184 1107 1364 1190 παρειςὴγον
1385 1101 1518 1166 ἀκόντων

423 1206 506 1295 ὑμῶν
522 1209 574 1279 τὴν
593 1210 714 1293 εἰκόνα,
733 1211 814 1274 κατά
832 1213 879 1295 τί,
903 1205 1010 1301 ἀνδρες
1026 1210 1168 1286 πολῖται;
1187 1206 1342 1284 ε’δυςνόουν
1357 1219 1394 1299 τῇ
1411 1212 1516 1290 πόλεις

423 1318 535 1409 ε’χθράν
550 1319 602 1390 την
616 1315 752 1412 πατρίδα
770 1319 926 1411 ἡγούμην;
942 1318 1012 1394 τοὺς
1028 1318 1118 1407 ἐμοὺς
1135 1296 1289 1412 ὠρεγόμην
1303 1323 1424 1398 θανεῖν;
1439 1322 1519 1387 ἀλλὰ

423 1438 511 1516 τιμῆς
528 1428 633 1514 ἕνεκα,
649 1433 700 1495 καὶ
721 1426 910 1504 διαόοήσεως
927 1430 1001 1521 πρὸς
1017 1430 1087 1506 τοὺς
1107 1427 1205 1506 ξένους
1219 1430 1264 1496 ότι
1282 1433 1420 1518 τεχνίτης
1438 1430 1516 1522 ἔγώ;

423 1519 572 1607 Ᾰπόλοιτό
590 1567 641 1630 μοι
658 1544 710 1606 καὶ
732 1541 822 1628 τέχνη
841 1542 892 1605 καί
914 1544 1033 1616 ἔπαινος
1052 1545 1104 1606 καί
1124 1545 1216 1630 τιμή,
1240 1549 1322 1633 εἴπερ
1338 1566 1384 1617 τις
1400 1542 1519 1628 ἔμελλεν

424 1645 468 1727 εἷς
489 1655 541 1717 καί
563 1653 578 1717 ὃ
597 1654 697 1740 τυχών
714 1677 748 1743 γε
771 1660 829 1716 τῶν
848 1651 976 1716 πολιτῶν
996 1651 1182 1741 ἀμωςγέπως
1203 1649 1430 1736 βλαόήσεσθαι.
1449 1629 1518 1729 fisse

423 1763 491 1826 τότε
507 1765 558 1828 καί
577 1765 764 1853 στρατηγός,
782 1763 834 1826 καί
851 1764 963 1854 ῥήτωρ,
984 1764 1035 1827 καί
1055 1764 1206 1850 τεχνίτης,
1223 1765 1274 1828 καὶ
1291 1759 1414 1838 ἰδιώτης
1429 1759 1518 1840 δόξης

425 1868 507 1948 ἰδίας
525 1877 778 1959 μεταποιήσεται,
805 1871 860 1948 ἕως
883 1864 916 1938 οὗ
937 1876 977 1938 τόι
995 1877 1077 1938 κατόι
1095 1875 1180 1940 πόλιν
1202 1870 1295 1961 μηδὲν
1315 1871 1515 1959 βλάπτονται.

424 1960 557 2047 Ιδπειδάν
581 1979 614 2047 δὲ
638 1979 705 2058 δεὸς
727 1979 747 2071 ᾖ
769 1985 810 2070 μὴ
834 1992 877 2070 τῷ
899 1993 989 2071 κοινῷ
1013 1984 1189 2072 λυμανεῖται
1214 1986 1232 2054 ἡ
1257 1985 1331 2077 πρὸς
1355 1985 1444 2071 τιμὴν
1464 1990 1517 2048 τοῦ

425 2086 521 2167 δεῖνος
537 2088 670 2174 σπουδή,
689 2095 819 2181 μάταιος
835 2089 985 2164 ησπουδίι
1001 2095 1020 2164 ἢ
1038 2096 1089 2160 καί
1108 2094 1222 2182 μᾶλλον
1241 2098 1284 2171 εἰς
1301 2098 1446 2187 μεγίστην
1464 2097 1516 2160 καί

425 2199 459 2265 σι’)
473 2202 526 2272 τὴν
537 2208 692 2291 τυχοῦσαν
711 2212 745 2292 τῇ
760 2202 843 2269 πόλει
859 2199 1027 2277 δύςνοιαν’.

474 2318 542 2390 Πῶς
562 2317 659 2379 τοίνυν
677 2310 900 2403 κατεδεχόμην,
919 2314 1085 2392 κωλύοντός
1104 2340 1182 2391 τινος
1199 2319 1233 2381 τὸ
1256 2316 1444 2407 ἐγχείρημα,
1465 2317 1518 2386 τὴν

425 2433 479 2501 τῆς
496 2425 609 2502 πόλεως
631 2423 748 2511 βλάόην
773 2422 826 2491 διόι
846 2429 899 2498 την
917 2423 948 2503 ἐξ
965 2427 1063 2493 ἀλλων
1081 2427 1128 2493 ἐπὶ
1149 2436 1185 2517 τῇ
1204 2427 1296 2517 τέχνη
1313 2431 1419 2514 τιμήν;
1441 2426 1519 2503 όςτις

428 2532 498 2602 οὐδὲ
514 2538 567 2608 τὴν
583 2539 682 2630 ἀρχὴν
699 2540 789 2629 χάριν
803 2537 915 2614 ταύτης
928 2539 968 2603 τά
980 2547 1033 2615 τῆς
1047 2541 1160 2615 εἰκόνος
1173 2539 1373 2629 ηὐτούργουν,
1393 2534 1518 2604 ἀλλ”ὑ-

426 2646 481 2740 πὲρ
505 2657 562 2714 τῶν
589 2649 735 2733 πολιτῶν,
756 2650 797 2725 ὡς
812 2651 966 2740 ἡγούμην,
986 2652 1037 2716 καί
1058 2658 1117 2715 τῶν
1137 2651 1302 2716 πλεόντων·
1325 2649 1405 2725 ὅπως
1422 2650 1449 2714 οἱ
1466 2647 1519 2736 μὲν

427 2755 458 2834 ἐξ
482 2754 647 2824 ἀκινδύνων
675 2758 822 2849 ε’μποριῶν
843 2763 884 2824 τά
905 2763 1063 2850 ἀναγκαῖα
1090 2763 1268 2851 πορίζεσθαι
1293 2765 1407 2848 ἔχοιεν,
1435 2761 1462 2825 οἱ
1485 2756 1519 2824 δὲ

427 2870 571 2956 μαθόντες
589 2868 661 2944 οίοις
684 2870 763 2944 εἰκός
786 2866 894 2945 δεινοῖς
914 2869 1024 2944 αὐτοὺς
1046 2872 1248 2961 περιπίπτειν,
1269 2873 1294 2934 εἰ
1311 2873 1396 2959 παρά
1413 2873 1519 2964 καιρόν

425 2979 539 3045 πλέοιεν
552 2981 602 3044 τόν
614 2983 818 3070 προςόκοντα,
832 2980 1004 3056 θαλασσίας
1017 2980 1211 3070 φυλάττοιντο
1224 2980 1422 3071 ἀγριότητας.
1436 2979 1519 3048 Οὐδὲ

426 3092 485 3182 γάρ
507 3091 612 3182 μικρὸν
634 3095 739 3174 τούτο,
760 3088 830 3155 οὐδὲ
851 3099 905 3166 τῆς
924 3092 1076 3180 τυχούσης
1100 3087 1256 3181 φροντίδος
1275 3086 1376 3174 ἀξιον,
1403 3089 1520 3182 ἀνδρας

425 3201 583 3293 εὐεργέτας
604 3202 637 3265 τό
656 3201 745 3293 μέρος
761 3211 813 3278 τῆς
830 3203 963 3285 πόλεως,
988 3201 1034 3267 ἐπ’
1053 3201 1137 3288 αὐτῷ
1154 3201 1249 3288 τούτῳ
1267 3202 1340 3294 πρὸς
1358 3202 1519 3268 θάλασσαν

426 3315 477 3377 καὶ
502 3311 623 3400 κύματα
646 3308 944 3397 διακινδυνεύοντας,
963 3312 1009 3404 ἐφ’
1027 3307 1051 3400 ᾧ
1070 3321 1128 3378 τῶν
1148 3315 1325 3403 ἀναγκαίων
1342 3309 1447 3400 ἡμεῖς*
1463 3314 1517 3378 εύ-

460 3554 591 3618 ¹Aguoseo
602 3553 731 3603 iambicum
744 3570 838 3604 sonum.
854 3554 955 3605 Fontem
984 3559 1072 3622 ἐχθρῶν
1088 3561 1168 3623 χάριν.
1187 3554 1228 3603 Sic
1248 3553 1371 3618 Bfflyann,
1390 3553 1430 3602 eui
1443 3553 1520 3604 miror

425 3647 473 3681 nou
485 3633 593 3681 memini.
985 3636 1100 3685 Plancum
1114 3634 1259 3693 adhaesisse,
1269 3648 1316 3682 nee
1328 3632 1455 3696 scripsisse
1467 3634 1520 3691 ἰξο-

458 3708 468 3732 ¹
483 3709 524 3760 Sic
547 3712 600 3759 sine
621 3710 703 3760 verbo.
723 3711 884 3761 Subaudiatur
904 3719 958 3762 πεί·
983 3720 1082 3782 ρημένη.
1094 3711 1258 3762 Scholiumad
1270 3710 1464 3771 Pausaniam,6‚
1475 3713 1518 3771 26,

425 3807 507 3846 νουσα,
527 3789 565 3838 vel
586 3787 740 3854 participium
760 3789 826 3839 aliud
845 3789 957 3854 ejusdem
982 3794 1014 3853 4,
1037 3792 1068 3841 de
1087 3789 1210 3840 vermibus
1231 3798 1343 3854 agentem
1366 3804 1427 3854 quos
1446 3801 1520 3858 σῆρας

425 3883 517 3917 sensus.
532 3866 569 3916 Ita
578 3866 686 3932 loquitur
699 3878 723 3916 et
736 3885 760 3933 p.
773 3869 813 3927 54,
827 3871 859 3918 20
867 3889 873 3918 ι
882 3877 957 3926 οωτη-
984 3870 1060 3920 Graeei
1074 3868 1199 3935 appellant
1210 3887 1215 3915 ι
1228 3868 1267 3917 οὐκ
1278 3869 1367 3925 ἀληθῶς
1379 3874 1411 3918 τὰ
1422 3871 1455 3925 εἰς
1465 3874 1519 3926 τοὺς

424 3966 474 4016 ριον
488 3952 527 3995 καί
541 3949 573 4002 είς
587 3949 731 4013 φιλοτιμίαν,
744 3946 838 3996 scilicet
849 3957 933 3998 τεῖνον.
983 3952 1053 4013 σύρας
1070 3946 1130 4012 (imo
1148 3943 1230 4013 σῆρας)
1250 3947 1360 4004 ἀκήκοας.
1374 3942 1452 4010 Ἡμεῖς
1471 3954 1518 4016 γὰρ

459 4025 572 4076 ³Sehol.:
585 4027 729 4082 ἀντίστασις.
984 4033 1021 4077 νῦν
1032 4027 1071 4076 οὒκ
1082 4029 1153 4095 ἀκοῇ,
1172 4027 1223 4075 ἀλλ’
1238 4025 1365 4093 ὀφθαλμοῖς
1379 4028 1516 4090 βλέποντες,

459 4106 468 4130 ⁸
480 4105 577 4165 Codex,
590 4104 665 4169 ὑμεῖς.
676 4103 801 4153 vocalium
812 4127 825 4162 η
837 4125 850 4155 o
861 4105 886 4155 in
898 4122 959 4171 pro-
983 4108 1049 4170 ἴομεν
1063 4111 1095 4155 τὰ
1107 4108 1158 4154 κατ’
1173 4104 1265 4161 αὖτοὺς.
1280 4105 1307 4154 in
1320 4102 1456 4152 Stadiasmo
1469 4102 1519 4152 Ma-

424 4184 563 4234 nominibus
578 4184 626 4233 illis
638 4194 662 4234 et
676 4183 775 4234 vocibus
788 4185 841 4235 aliis
854 4201 957 4250 permu-
982 4185 1015 4232 ris
1030 4181 1151 4248 Magni‚§
1170 4183 1233 4244 266,
1251 4197 1296 4247 pro
1311 4184 1357 4232 ἀπὸ
1371 4183 1447 4248 Τύρου
1464 4179 1519 4230 vil-

423 4261 483 4308 tatio
503 4261 627 4328 frequens.
652 4262 781 4328 Gregorius
802 4263 860 4313 Naz.
878 4273 896 4313 t.
917 4261 955 4323 11,
983 4261 1090 4310 loisonus
1101 4260 1228 4325 (ubinam
1244 4276 1294 4309 non
1309 4256 1418 4321 memini)
1432 4257 1519 4322 conje-

423 4354 449 4403 p.
469 4338 497 4386 15
510 4358 515 4386 :
526 4345 626 4404 Σαμψὼν
641 4347 714 4401 ποτέ,
729 4341 795 4398 Ὃνὴ
809 4346 869 4405 κόμη
880 4337 957 4409 uperi-
983 4340 1016 4391 cit
1029 4348 1117 4399 Τήιον,
1132 4339 1292 4404 probabiliter
1306 4338 1338 4388 ob
1351 4338 1406 4387 ioca
1423 4337 1517 4397 vicium

424 4417 493 4465 δωκεν
511 4417 640 4484 ἐξηρημίνη
652 4426 746 4484 Τριχῶν
760 4420 837 4486 ἀώρου
853 4438 956 4483 κανεμο-
982 4428 1007 4468 et
1020 4442 1031 4468 ν
1046 4435 1076 4469 ea
1092 4436 1158 4485 τηερε
1175 4418 1289 4469 scribitur
1305 4417 1398 4476 forma,
1413 4432 1468 4482 qum
1485 4416 1518 4467 ed

423 4499 508 4565 φθόρου
522 4499 612 4562 θέρους,
626 4495 658 4552 ‘bs
676 4516 712 4553 τις
726 4504 781 4559 γυνη
798 4503 910 4561 τίτμηκεν
923 4500 956 4555 εἰς
981 4500 1110 4565 ριῐιιιίίιιῐη
1120 4497 1231 4548 accedat.
