3684 5659
791 617 960 680 ’ΜΕΛΕΤΗ
984 606 1035 679 H'.
1392 614 1462 684 ⁴55

369 753 423 816 καί
441 753 594 842 χρήσιμος
613 747 741 841 εἶναιπῇ
761 752 845 817 πόλει
867 749 913 817 ἐπὶ
935 751 1059 827 πολλοῖς
1077 751 1283 841 κωλυόμενος,
1302 754 1375 847 παρ’
1394 754 1463 820 ὅσον

371 864 424 926 καί
450 867 564 955 ἀπορος
588 865 753 953 χρημάτων
774 862 866 928 ἐστίν.
891 843 965 927 Ᾰλλ’
983 862 1064 950 ὅμως
1080 862 1095 927 5
1114 865 1212 954 πατὴρ
1231 865 1265 930 οὐ
1282 863 1463 953 μεταθάλλει

370 974 424 1044 τὴν
441 973 577 1064 γνώμην,
597 972 676 1038 ἀλλά
693 968 747 1038 θιά
763 970 833 1058 βίου
851 973 1018 1065 ὀργίζεται.
1037 976 1201 1039 Κάυτεῦθεν
1218 977 1299 1040 κατὰ
1311 977 1360 1041 τὸν
1376 977 1465 1063 νόμον

371 1083 387 1149 5
410 1083 505 1159 καλὸς
528 1082 641 1159 ἐκεῖνος
661 1093 720 1149 τῶν
743 1092 896 1175 πατρικῶν
920 1082 954 1148 οὐ
977 1085 1165 1176 μετείληφεν·
1193 1085 1261 1151 ἀλλ’
1282 1089 1466 1175 εἰςήχθησαν

371 1197 417 1270 είς-
430 1195 483 1259 τὸν
499 1193 609 1284 κλῆρον
625 1193 732 1274 ἀλλοι,
751 1193 898 1269 πολλάκις
915 1196 968 1258 καί
986 1203 1049 1270 τοῖς
1065 1205 1177 1271 κοινοῖς
1193 1199 1374 1288 ἀχρήσιμοι.

333 1378 340 1387 ¹
419 1282 498 1370 ficu
521 1306 619 1370 τοίνυν
644 1306 726 1393 νόμῳ
753 1305 842 1391 νόμον
867 1302 1075 1394 παραθαλεῖν·
1102 1306 1154 1369 καί
1179 1307 1272 1372 καλὸν
1294 1303 1330 1378 ἀν
1357 1305 1465 1384 ἐξεῖναι

370 1410 503 1505 φυλάξαι
521 1417 573 1480 καί
589 1415 789 1507 ἀμφοτέρους.
808 1416 845 1478 Εἰ
863 1409 893 1477 5’
912 1413 967 1477 οὐκ
981 1413 1130 1504 ἐγχωρεῖ,
1151 1414 1218 1479 ἀλλ’
1237 1409 1287 1480 οὖν
1302 1417 1353 1481 τὸν
1368 1420 1465 1508 κρείτ-

369 1550 462 1613 τονα,
483 1529 537 1593 καί
562 1527 595 1604 θς
612 1529 758 1616 μειζόνως
773 1528 826 1598 τὴν
844 1526 996 1592 πολιτείαν
1016 1529 1190 1611 συνίστησι,
1210 1531 1361 1613 κάκεῖνον,
1381 1528 1412 1604 ὃς
1429 1530 1466 1592 ἀν

371 1638 544 1730 φυλαχθεὶς
565 1642 631 1728 ἔχοι
649 1640 701 1704 καί
721 1639 772 1703 τὸν
790 1637 880 1704 ἀλλον
896 1646 1071 1728 περιποιεῖν,
1092 1638 1132 1713 ὡς
1154 1637 1188 1702 ἐκ
1204 1638 1312 1730 μέρους
1329 1650 1466 1706 κακεῖυον

371 1748 592 1838 φυλάττεσθαι.
1043 1784 1047 1794 ·

419 1839 448 1923 (5
469 1857 559 1950 γοῦν1
574 1861 640 1952 περὶ
662 1868 721 1926 τῶν
741 1859 952 1949 ἐπιμεινάντων
973 1859 1037 1946 ἐμοὶ
1060 1860 1224 1951 φυλαχθεὶς
1241 1855 1399 1924 δικαιώσει
1415 1859 1467 1947 μὲν

372 1967 424 2056 ἐμὲ
446 1970 490 2045 ὡς
512 1969 705 2058 ἐπιμείναντα
728 1973 780 2038 καί
800 1971 840 2046 ὡς
857 1972 1082 2062 ἀποκήρυκτον,
1107 1966 1229 2062 φυλάξει
1252 1965 1285 2034 ἀὲ
1305 1972 1395 2036 πάλιν
1412 1973 1465 2036 καὶ

372 2088 436 2155 τοῖς
454 2080 677 2172 ἀποκηρύκτοις
694 2082 728 2147 τὸ
746 2080 904 2175 ἐπιτίμιον.

421 2170 639 2282 Ᾰποκήρυκτος
657 2188 703 2272 εἶ;
723 2191 764 2278 μὴ
781 2189 918 2278 λοίμθανέ
938 2214 968 2253 τι
986 2197 1044 2254 τῶν
1060 2199 1226 2282 πατρικῶν.
1246 2195 1282 2256 Εἰ
1301 2186 1321 2255 5
1324 2190 1331 2213 '
1350 2191 1365 2255 5
1383 2186 1467 2255 θεῖυα

372 2305 509 2377 τοιοῦτος
533 2299 573 2366 ὢν
595 2301 726 2393 εἴληφεν,
747 2301 825 2366 ἀλλά
844 2295 963 2389 τυχὼν’
980 2298 1129 2387 ἐπέμεινε,
1154 2303 1206 2365 καὶ
1224 2302 1306 2365 κατά
1321 2306 1374 2364 τοῦ
1390 2299 1466 2364 κλύ-

375 2407 470 2487 δωνος
488 2411 511 2475 ἀ
530 2407 650 2482 δήποτ’
666 2409 745 2485 ἦσαν
759 2418 812 2477 τοῦ
828 2411 943 2501 πατρὸς
959 2409 1058 2496 ἑαυτῷ
1075 2414 1307 2501 περιεποιήσατο
1321 2407 1470 2500 ἀνθρισά-

374 2546 475 2610 μενος.
490 2521 573 2611 Τύχε
586 2525 639 2588 καί
656 2523 707 2605 σύ,
724 2525 777 2588 καί
792 2519 949 2613 ἀνθρίζου,
965 2522 1017 2585 καί
1033 2518 1182 2607 λάμθαυε.
1202 2516 1312 2596 Οὐδείς
1329 2521 1344 2584 5
1360 2523 1467 2610 φθουή·

373 2654 435 2696 σων
445 2633 515 2697 τότε
526 2639 580 2698 τοῦ
594 2632 725 2699 πλούτου
739 2657 801 2699 σοι.
816 2609 883 2706 Ε”ως
901 2628 935 2696 ἀὲ
953 2632 994 2719 μὴ
1010 2629 1134 2701 τοιαύτη
1152 2654 1200 2694 σοι
1214 2640 1358 2722 παραστῇ
1372 2630 1464 2719 τύχη,

374 2743 416 2828 μὴ
432 2745 516 2819 ζήτει
529 2767 558 2808 τι
575 2743 741 2833 λαμθάνειν
756 2753 815 2810 τῶν
831 2749 884 2808 τοῦ
901 2741 1028 2834 πατρός.Ι
1048 2740 1142 2806 Ταῦτ’
1162 2741 1222 2833 ἐρεῖ
1237 2767 1283 2815 τις
1300 2744 1351 2807 καί
1371 2745 1468 2834 ἀμφο-

374 2853 478 2946 τέρους
496 2852 638 2944 φυλάξει,
659 2858 711 2922 καί
730 2858 812 2921 κατά
828 2857 935 2946 καιρὸν
951 2854 1002 2919 τὸν
1018 2855 1218 2945 προςήκουτα.

421 2968 460 3030 Ei
477 2961 513 3030 ἀὲ
530 2967 581 3031 τὸν
597 2975 655 3032 τῶν
674 2966 889 3058 ἀποκηρύκτων
906 2967 995 3052 νόμον
1015 2961 1172 3056 φυλάξεις,
1200 2965 1215 3028 5
1239 2966 1305 3055 περὶ
1328 2969 1381 3029 τοῖι
1400 2963 1467 3028 ἐπι-

375 3077 532 3163 μιίναντος
556 3084 690 3166 οἴχεται.
716 3079 776 3142 Καὶ
802 3083 859 3143 ποῦ
886 3072 1007 3142 δίκαιον
1027 3075 1157 3141 παλαιὸν
1180 3077 1270 3163 νόμον
1293 3077 1345 3141 καὶ
1368 3074 1469 3151 καλῶς

375 3188 487 3275 ἔχοντα
502 3186 771 3278 παραθλέπεσθαις
791 3188 886 3276 λείψει
903 3183 938 3252 ἀέ
956 3212 1028 3253 ποτε
1045 3189 1097 3251 καί
1118 3188 1268 3278 πρόφασις
1284 3186 1361 3258 άλλη
1382 3184 1427 3276 ἐφ’
1445 3178 1469 3270 ᾧ

375 3301 549 3391 στερεῖσθαι
564 3301 615 3364 τὸν
631 3299 841 3388 ἐπιμείναντας
859 3300 874 3365 5
889 3298 942 3386 μὲν
955 3297 1079 3363 ἀκούσει
1092 3299 1133 3372 ὡς
1147 3322 1163 3356 (ι
1176 3300 1383 3389 ἀποκήρυκτος
1397 3300 1422 3361 εἰ
1436 3315 1466 3354 »⁰

376 3407 391 3471 5
408 3404 461 3496 δέ,
490 3434 506 3468 α
525 3409 594 3476 ἀλλ’
611 3417 719 3497 ἄτιμος
737 3418 774 3498 τῇ
790 3409 873 3475 πόλει
891 3428 925 3468 »¹
947 3409 962 3473 5
984 3405 1014 3473 θ’
1032 3401 1090 3491 αὖ,
1112 3432 1126 3464 (ι
1144 3406 1212 3471 ἀλλ’
1232 3405 1393 3489 ἐξώλης»,
1416 3409 1468 3470 καί

375 3515 485 3585 «οὕτω
502 3521 596 3610 τυχὸν
614 3519 742 3611 εὑρεθείς
759 3519 805 3585 ἐπὶ
823 3528 876 3594 τῆς
893 3520 963 3595 νηός
981 3539 1016 3576 υ·
1037 3519 1089 3582 καί
1114 3517 1206 3591 ἀλλος
1225 3516 1313 3581 ἀλλο.
1333 3518 1469 3580 Κάυτεῦ-

376 3631 425 3694 θεν
449 3626 550 3708 οὐδεὶς
572 3632 674 3720 τυχὼν
694 3631 771 3723 πρὸς
796 3630 956 3695 θάλασσαν
979 3624 1185 3720 ἀυάρίσεταιθ,
1206 3629 1258 3693 καί
1284 3627 1382 3692 πολλά
1399 3650 1471 3718 φορ-

375 3742 428 3807 τία
447 3744 499 3807 καί
524 3744 610 3834 παρά
625 3742 659 3807 τὸ
679 3742 757 3817 εἰκὸς
774 3738 1031 3829 βυθισθήσονται,
1052 3741 1104 3806 καὶ
1125 3742 1220 3827 ζημία
1239 3743 1324 3804 ἔσται
1341 3742 1470 3830 μεγίστη

377 3875 413 3940 τη
428 3852 529 3919 πόλει.
547 3852 594 3923 Μὴ
611 3853 672 3944 γάρ
690 3851 735 3918 ὅτι
752 3853 767 3916 5
785 3838 937 3939 ἐπιμείνας
951 3850 1116 3938 λαμθάυει,
1135 3856 1224 3915 τοῦτο
1237 3861 1357 3916 σκοπεῖν
1371 3847 1468 3927 ἀξιον,

378 3960 447 4027 ἀλλ’
467 3961 515 4028 ὅτι
533 3963 586 4027 καί
606 3961 705 4050 ἑαυτῷ
721 3960 868 4049 λαμθάνει
884 3963 938 4027 καί
956 3971 993 4050 τῇ
1009 3961 1093 4027 πόλει
1109 3964 1283 4052 προτίθησιν
1300 3963 1409 4024 εὔωυα.

352 4247 355 4254 ,
413 4189 420 4216 ¹
433 4188 529 4240 Schol.=
542 4196 569 4240 τὸ
582 4194 690 4258 περιέχον
706 4194 746 4238 καὶ
765 4194 791 4238 τὸ
808 4191 913 4254 περιεχό·
939 4185 1031 4249 scripto
1045 4206 1073 4234 ω.
1086 4183 1176 4233 Timuit
1186 4183 1298 4232 librarius
1307 4187 1422 4246 υετυχόν
1431 4182 1472 4230 λε-

378 4289 452 4333 μινον.
940 4274 1046 4328 geretur.
1060 4263 1181 4311 Firmatur
1196 4261 1349 4327 participium
1364 4276 1471 4326 sequen-

410 4345 532 4405 ¹Codex‚
551 4351 638 4410 τυχών,
657 4354 682 4394 ει
703 4359 777 4410 quum
795 4336 882 4392 littera*
894 4364 912 4393 ω
941 4341 1004 4391 tibus
1019 4344 1090 4406 τὺχι,
1101 4339 1174 4397 οὐδεὶς
1188 4346 1276 4403 τυχών.

381 4440 426 4477 non
444 4434 510 4476 estet
530 4422 690 4481 nitidissima,
710 4420 808 4471 nitidius
824 4435 911 4485 super-
973 4418 1093 4479 ³Codex,
1104 4421 1289 4488 ἀνδρισθήσετοιι.
