3684 5659
804 594 961 656 ΜΕΛΕΤΗ
986 585 1036 655 H'.
1399 594 1461 660 i5i

423 706 499 820 Ᾰρτι
515 728 576 819 χάρ
592 722 644 802 νύξ
658 722 695 799 ἦν
709 728 761 792 καὶ
775 728 883 804 σκότος
897 726 967 793 κατ’
983 728 1121 819 οὐρανόν,
1140 734 1192 792 τοῦ
1210 728 1294 799 ἡλίου
1312 728 1469 821 κρυθέντος

369 849 439 916 τοῖς
460 838 584 929 νέφεσι,
607 840 659 905 καί
684 837 859 905 κατέθαινεν
879 820 1106 914 Ελλησποντίας
1123 840 1280 931 λαμπρός,
1300 842 1352 905 καί
1372 844 1391 912 ἡ
1410 844 1470 905 θά-

371 950 481 1015 λασσα
504 946 623 1034 utne&
650 951 702 1014 καί
728 951 748 1020 ἡ
770 950 844 1027 τέως
869 952 980 1041 ἥμερος
1006 947 1195 1041 ἐκυρτοῦτο’,
1220 953 1272 1016 καί
1297 953 1316 1021 ἡ
1342 954 1470 1040 συνεχὴς

372 1062 547 1153 ἐμερίζετο,
575 1063 628 1126 καὶ
651 1060 727 1125 ἄλλο
748 1059 795 1126 ἐπ’
813 1061 896 1149 ἄλλῳ
913 1067 998 1149 κῦμα
1019 1061 1168 1127 ἐπέκειτο·
1193 1065 1245 1127 καί
1265 1064 1284 1133 ἡ
1306 1067 1378 1137 ναῦς
1399 1062 1470 1129 ποτὲ

373 1173 429 1262 μὲν
454 1174 602 1261 ἀκόσμως
626 1170 763 1238 άνέθαινι
791 1172 1026 1264 μετιωριζομένη
1055 1183 1119 1249 τοῖς
1147 1174 1296 1261 κύμασιν,
1327 1170 1407 1250 εἶπες
1433 1176 1470 1240 ἂν

373 1284 524 1378 ε’κκρεμὴς
561 1287 604 1361 εἰς
642 1283 742 1373 ἀέρα,
782 1280 910 1371 μηδενὸς
941 1283 1051 1356 ταύτην
1088 1283 1362 1376 ύποστηρίζοντος·
1398 1286 1470 1352 ποτὲ

375 1390 408 1459 δ’
431 1386 521 1471 αύθις
541 1395 582 1471 ὡς
599 1397 642 1471 εἰς
664 1372 747 1480 Ᾰδου
767 1393 945 1478 κατέθαινε,
972 1397 1024 1459 καί
1048 1395 1080 1460 αἱ
1103 1403 1161 1461 τῶν
1180 1395 1327 1460 πλεόντων
1343 1393 1470 1488 καρδίαι

375 1504 455 1595 αὐτῇ
477 1505 685 1597 κατερχομένη
708 1502 962 1598 συχκατεδύοντο.
983 1480 1071 1571 ὅπλα
1094 1502 1127 1571 δὲ
1144 1508 1196 1572 καί
1215 1505 1306 1597 λαίφη
1323 1508 1375 1573 καί
1392 1510 1470 1599 πρό-

375 1640 451 1683 τονα
474 1620 518 1695 εἰς
537 1617 633 1683 λεπτὰ
652 1613 833 1683 διαλυθέυτα
854 1615 925 1682 καθ’
943 1611 1063 1682 ὑδάτων
1080 1617 1228 1709 ἐφέροντο.
1247 1619 1306 1682 Καὶ
1325 1618 1340 1682 ὁ
1358 1618 1469 1710 κυθερ·

376 1732 468 1805 νότης
484 1729 558 1822 πρὸς
573 1729 608 1794 τὸ
627 1724 723 1795 δεινὸν
740 1730 886 1812 ἀπειπών,
907 1728 953 1792 έπί
969 1736 1028 1793 τῶν
1045 1731 1311 1820 καταστρωμάτων
1326 1731 1391 1798 εἰκῆ
1408 1733 1472 1794 κεί-

377 1864 480 1927 μενος,
498 1850 604 1907 πατεῖν
621 1840 727 1907 ἑαυτόν
743 1849 872 1933 παρεῖχε
888 1848 932 1927 τῷ
947 1839 1073 1906 θέλοντι.
1089 1844 1192 1906 Πάντα
1206 1843 1303 1927 μεστὰ
1316 1850 1468 1931 ταραχῆς,

376 1954 417 2017 τά
440 1951 547 2028 ἐκτός,
572 1953 612 2017 τά
634 1951 733 2037 ἐντός,
754 1953 794 2016 τὰ
812 1946 896 2017 ἔνδον
918 1954 962 2017 ἔτι
981 1953 1063 2016 κατὰ
1084 1952 1199 2041 ψυχήν.
1218 1956 1322 2017 Πάντα
1345 1951 1471 2044 θορύθου

376 2062 473 2147 πλέα,
492 2065 594 2129 πάντα
611 2071 764 2155 κραυγῆς,
783 2064 824 2139 ὡς
837 2062 950 2129 αὐτίκα
965 2063 1164 2151 θανουμένων,
1181 2065 1365 2151 σνμμίκτον.
1382 2063 1473 2139 Τέλος

377 2167 656 2264 διαπεφωνηκότες,
678 2174 706 2239 οἱ
730 2172 782 2261 μὲν
800 2183 917 2250 κοντοῖς
934 2172 1148 2249 πιστεύσαντες
1168 2172 1310 2257 ἑαυτούς,
1334 2175 1360 2239 οἱ
1380 2169 1413 2238 δέ
1430 2182 1473 2260 τῷ

376 2286 519 2375 τυχόντι,
546 2283 609 2350 ἐπεὶ
633 2286 686 2350 καί
713 2286 806 2356 ἀκτὴν
832 2282 915 2374 εἶχον
939 2281 1058 2370 βλέπειν
1081 2282 1189 2374 ε’χχύς,
1208 2285 1260 2348 καὶ
1284 2285 1436 2375 προφανὴς
1457 2284 1472 2347 ὁ

377 2391 516 2473 κίνδυνος
530 2390 581 2480 ἦν,
600 2397 681 2461 κατὰ
698 2403 757 2462 τῶν
774 2399 915 2484 κυμάτων
935 2398 1090 2489 ῥίπτουσιν
1108 2392 1251 2477 ἑαυτούς,
1270 2399 1343 2458 ναῦν
1361 2394 1473 2466 ἐκείνην

376 2516 481 2573 πᾶσαν
503 2508 556 2573 καί
580 2508 687 2599 φορτία
709 2510 809 2573 πάντα
832 2510 951 2599 χαίρειν
972 2506 1128 2579 ἐάσαντες.
1149 2484 1343 2594 Ᾰπολειφθείς
1364 2500 1394 2568 δ’
1413 2503 1473 2595 ἐγὼ

377 2618 467 2706 μόνος
489 2624 608 2710 πρῶτον
633 2616 685 2705 μέν
708 2617 828 2706 ἐκείμην
836 2665 846 2703 ,
870 2614 964 2706 μηδὲν
988 2620 1067 2705 ἔχων
1089 2616 1244 2685 κινηθῆναι
1267 2612 1320 2704 ἀφ’
1343 2613 1470 2700 ἑαυτοῦ,

378 2727 585 2822 ἀπροαιρέτως
608 2726 798 2817 κινούμενος·
825 2725 949 2819 ύστερον
975 2722 1005 2791 δ’
1030 2721 1211 2801 ἐπισυνάξας
1236 2726 1286 2790 τόν
1311 2725 1470 2817 λογισμόν,

378 2842 431 2906 καί
453 2841 529 2933 πρὸς
549 2835 758 2905 τὸυκίνδυνον
776 2838 973 2927 ἀποθλίψας,
996 2839 1048 2903 καί
1067 2837 1117 2901 τὸν
1135 2835 1205 2902 ὅσον
1223 2839 1304 2902 ούπω
1321 2838 1425 2929 πικρὸν
1445 2838 1474 2903 έν

379 2948 474 3018 ύδασι
492 2945 639 3017 θάνατον’
653 2946 713 3023 ἤδη
731 2950 788 3042 πρὸ
809 2950 970 3041 ὀφθαλμῶν
987 2952 1080 3037 ἔχων,
1102 2947 1295 3039 ὠλοφυρόμην
1311 2949 1364 3018 τὴν
1379 2947 1474 3037 τύχην

378 3065 431 3135 τὴν
449 3062 602 3152 ἐμαυτοῦ,
625 3064 679 3127 καί
698 3062 752 3132 την
769 3063 872 3152 μωρὰν
890 3060 1002 3132 ἐκείνην
1027 3060 1181 3124 ἀπείθειαν
1203 3057 1394 3143 έταλάυιζον,
1420 3062 1472 3126 καὶ
1501 3072 1503 3079 “

377 3177 506 3269 πρώτως
526 3170 663 3267 ἠρξάμην
680 3181 839 3238 κατανοεῖν
861 3171 936 3248 οίοις
952 3168 1060 3246 δεινοῖς
1077 3168 1203 3245 ἑαυτοὺς
1226 3170 1252 3235 οἱ
1269 3194 1473 3263 προςκεκρον-

378 3288 465 3363 κότες
480 3294 545 3363 τοῖς
561 3287 725 3376 γεννήσασι
741 3282 984 3376 περιθάλλουσιν.
1004 3265 1078 3347 Ᾰλλ’
1096 3282 1177 3371 ὅμως
1189 3316 1238 3329 -
1250 3284 1281 3346 τί
1295 3284 1355 3372 γὰρ
1373 3282 1473 3369 μηκύ-

412 3494 523 3546 ’Noster
532 3494 578 3546 tibi
588 3494 744 3546 similiutlitt.
756 3495 913 3560 τ.1,ρ.396,
942 3499 1058 3564 λαμπρός.
1079 3494 1144 3556 Quos
1166 3493 1235 3543 locus
1258 3501 1396 3557 opportune
1415 3492 1473 3542 mihi

379 3578 534 3642 θτναυαχῖῳ
552 3584 657 3642 χρῶνται
674 3574 750 3642 δεινῷ·
764 3573 850 3624 αὐτίκα
868 3579 914 3641 γὰρ
942 3573 1088 3623 ministravit
1121 3573 1149 3622 L.
1179 3570 1296 3620 Dindurfii
1324 3570 1473 3622 Thesaurum

378 3655 447 3705 utem
456 3658 525 3719 μένή
537 3657 655 3713 θάλασσα,
666 3660 706 3703 καί
715 3656 851 3703 nartem
860 3648 914 3702 Ἑλ·
943 3650 1096 3701 Didotianum
1114 3649 1213 3701 ditantia
1230 3647 1323 3698 erudita
1339 3648 1473 3714 diligentia.

378 3737 518 3792 ληςτιοντῖοις
525 3736 645 3803 λαμπρός,
656 3733 728 3783 uenit
737 3737 914 3800 νεφέεσσι-μαῖαν
942 3729 1013 3779 Venti
1030 3729 1165 3795 epithetum
1183 3732 1290 3796 λαμπρός
1310 3728 1427 3778 illustravi
1449 3728 1474 3777 in

378 3816 438 3877 ὁμοῦ
448 3818 495 3874 καὶ,
502 3816 587 3862 πόντον
599 3815 695 3877 κάλυψε.
708 3807 850 3860 imitabatur
861 3807 914 3858 Ηο-
942 3808 1043 3858 [teleneu
1057 3808 1155 3858 Pati-um
1166 3808 1326 3869 Simmiam,
1337 3806 1369 3857 ad
1379 3808 1474 3874 Synesii

378 3906 474 3941 merum
486 3888 534 3939 ed.
547 3890 578 3949 ὁ,
591 3890 639 3939 293
652 3907 659 3938 τ
672 3888 915 3956 σύνδλνεφέιοσικόι-
941 3887 1016 3937 verba
1039 3892 1104 3946 νότος
1134 3890 1327 3952 συντπιλιιμθάνιι
1354 3889 1473 3952 λαμπρός,

380 3973 448 4036 λνψεν
458 3974 533 4019 Γαῖαν
542 3972 601 4033 ὁμσῦ
614 3974 654 4018 καί
669 3972 763 4018 πόντον.
773 3963 915 4016 imitabatur
942 3982 968 4030 p.
984 3968 1042 4016 ⁴61.

380 4056 406 4098 et
418 4046 549 4100 aristidem
560 4048 695 4113 fragmento
705 4041 771 4111 quod
781 4041 915 4106 Hermoge-
974 4042 1094 4096 'Schola
1106 4047 1220 4102 ἆντίθιοις
1235 4046 1282 4094 οἷον
1301 4044 1473 4100 ἆντιστατική,

348 4144 353 4151 ·
380 4126 587 4190 menturnis,
598 4128 675 4187 me,
687 4124 801 4184 servavit,
816 4133 841 4173 et
850 4121 915 4172 male
941 4129 980 4172 καὶ
991 4123 1099 4190 τ’κφρασις
1110 4129 1284 4186 τοῡχειμῶνος.

381 4205 462 4258 omitit
477 4206 502 4255 iu
515 4205 720 4255 Testimoniorum
736 4202 835 4268 Sylloge
852 4199 916 4250 Jeb-
975 4199 1031 4248 ‘ne
1043 4211 1122 4249 morte
1137 4200 1162 4250 in
1179 4198 1249 4250 undis
1266 4198 1336 4250 locus
1352 4206 1389 4247 eut
1408 4196 1474 4247 tectu

381 4284 444 4335 hina.
458 4283 500 4333 Sic
511 4283 577 4333 enim
589 4281 707 4333 Aristides
724 4300 731 4331 ι
803 4280 859 4349 ἄρτι
872 4285 915 4344 μιν
941 4277 1132 4343 elegantissimus
1149 4278 1245 4343 Synenii
1261 4277 1309 4344 ap.
1329 4278 1358 4335 ί,
1374 4276 1414 4327 nbi
1432 4278 1475 4327 in-

382 4368 428 4429 γθιρ
447 4365 566 4420 συνιούσης
587 4372 629 4419 τῆς
647 4368 781 4427 ναυμαχίας
799 4359 879 4409 ὤδινεν
899 4363 914 4416 ἡ
941 4357 1001 4423 epici
1013 4356 1103 4420 poterit
1119 4356 1244 4407 adnotatio
1258 4371 1313 4409 mea
1333 4356 1358 4407 in
1373 4355 1473 4407 Deieetu

383 4445 486 4493 θάλασσα
510 4446 550 4492 καλ
579 4443 713 4492 κατέθαιντκ
740 4436 915 4496 Ἑλληςπωτίιις
941 4434 1095 4497 Siunetiauo‚
1109 4453 1136 4501 p.
1148 4437 1205 4487 468.
