3684 5659
815 616 973 678 ΜΕΛΕΤΗ
998 605 1035 677 l'.
1352 658 1354 664 ·
1399 617 1463 686 201

370 747 511 818 οἴδασιν.
532 730 606 817 Ᾰλλ’
626 753 740 816 οἰκείαν
757 750 837 843 φέρει
854 751 906 820 τὴν
924 748 1074 837 ἐπιτιμίαν
1095 759 1148 826 τῆς
1168 751 1320 843 πράξεως·
1346 754 1397 821 σιίι
1413 781 1471 844 με·

370 862 456 951 τέχει
469 870 578 928 κοινῶν
592 861 747 953 συλλόγων
760 863 811 926 καί
826 859 1034 952 πανηγύρεων,
1055 861 1089 926 ού
1105 863 1158 933 τὴν
1175 863 1268 934 αὐτὴν
1284 874 1352 941 ταῖς
1364 867 1472 943 ἄλλαις

371 972 602 1062 μεταλαμὸσίνει
618 976 719 1060 τιμήν,
741 972 775 1038 οὐ
792 982 926 1037 κοινωνεῖ
941 981 994 1048 τῆς
1013 973 1106 1050 αὐτῆς
1124 978 1298 1066 παρρησίας
1317 987 1385 1054 ταῖς
1405 980 1470 1044 σῶ-

371 1109 476 1178 φρσσι.
502 1084 568 1149 Κάν
595 1084 650 1174 θύῃ
671 1108 733 1168 τις,
755 1083 959 1155 ἀπελήλαται.
978 1085 1042 1149 Κάν
1060 1087 1099 1149 τά
1120 1089 1255 1172 μυστικὰ
1275 1096 1318 1175 τῷ
1339 1090 1471 1179 Διονύσῳ

372 1197 505 1289 χορεύῃ,
527 1195 562 1261 οὐ
579 1197 667 1283 μετὸν
684 1195 760 1285 αὐτῇ
777 1195 867 1286 μέχρι
880 1196 933 1258 καί
954 1197 1048 1270 ἀκοῆς
1064 1203 1122 1260 τῶν
1139 1205 1268 1288 τερπνῶν
1286 1196 1404 1264 ἐκείνων
1418 1204 1470 1265 καί

373 1309 474 1399 ἱερῶν.
497 1307 563 1372 Κάν
587 1309 629 1381 εἰς
645 1286 771 1381 ,Ᾰθηνάς
789 1305 807 1376 ἢ
827 1304 857 1380 ἐς
879 1285 1046 1396 Ᾰρτέμιθος
1066 1305 1293 1396 προςκαλῶνται
1312 1319 1452 1398 γυναῖκες
1459 1357 1469 1393 ,

374 1420 457 1484 κατὰ
473 1420 515 1483 τά
529 1419 644 1509 πάτρια
663 1413 895 1508 προςενξόμεναι
917 1425 987 1490 ταῖς
1010 1418 1111 1499 θεαῖς,
1131 1419 1150 1487 ἡ
1169 1412 1219 1501 θέ,
1240 1417 1335 1509 ὥςπερ
1350 1419 1425 1483 ἀλλο
1443 1444 1472 1484 τι

375 1536 433 1594 τῶν
448 1536 595 1620 μνσαρῶν
612 1531 664 1592 καὶ
684 1524 833 1612 βεθηλῶν,
854 1525 1034 1591 ἐκκλείεται.
1054 1528 1118 1591 Κάν
1136 1539 1269 1613 συναντᾷ
1286 1553 1331 1604 τις
1350 1530 1474 1620 σώφρων

376 1635 476 1706 δοκεῖν
498 1636 699 1726 βουλόμενος,
725 1636 962 1729 ἀναστρέφεται·
988 1638 1046 1701 κάν
1066 1636 1181 1727 ἀκούσῃ
1201 1641 1266 1729 περὶ
1290 1639 1402 1714 ταύτης
1420 1639 1473 1704 λέ-

376 1752 504 1841 γόντων,
522 1750 575 1820 τήν
592 1749 686 1820 ἀκοὴν
707 1750 910 1839 περιφράττει.
935 1725 1047 1835 Ᾰτιμσς
1064 1754 1223 1838 πανταχοῦ
1241 1751 1293 1814 καί
1316 1748 1474 1841 συγγενέσι

377 1863 429 1927 καί
448 1858 543 1937 ξένοις
558 1855 746 1951 περίψημα’.

424 1974 461 2036 Τί
476 1970 592 2062 λέγεις;
616 1969 675 2058 οὐχ
693 1971 785 2036 ἱκανά
801 1974 900 2034 ταῦτα
917 1977 955 2058 τῃ
971 1969 1064 2060 πόρνῃ
1084 1970 1124 2032 τά
1140 1970 1308 2060 πρύςτιμα;
1328 1973 1358 2036 τί
1373 1971 1475 2038 λοιπὸν

379 2078 580 2171 ἐπιδαψιλεύῃ
598 2083 650 2157 καί
666 2080 746 2145 ἀλλα
761 2081 836 2171 ἀπερ
851 2080 866 2144 ὁ
880 2081 970 2167 νόμος
988 2079 1042 2144 σύκ
1059 2075 1152 2163 οἷθεν,
1177 2078 1244 2145 ἀλλ’
1265 2082 1283 2151 η
1301 2082 1340 2152 uia
1356 2085 1476 2159 πάντως

378 2190 542 2275 βούλησις;
561 2194 593 2256 τί
609 2189 798 2278 ε’πεμθαίνεις
815 2188 1071 2282 τῃταλαιπώρῳ,
1096 2188 1173 2255 σύτω
1195 2189 1348 2281 κειμένῃ1;
1371 2193 1474 2258 κάλα-

379 2304 431 2389 μός
450 2302 516 2368 ἔστι
530 2300 794 2392 συντετριμμένος,
814 2296 895 2391 ύθωρ
913 2302 1120 2387 ἀστάθμητον,
1136 2306 1209 2375 ναῦς
1226 2300 1471 2392 ἀνερμάτιστος1.

378 2416 413 2479 Τί
428 2410 511 2505 βαρὺ
528 2415 611 2479 κατά
627 2411 738 2487 ταύτης
754 2411 868 2495 πνέεις,
889 2412 941 2474 καί
960 2405 1054 2497 μηθὲν
1074 2403 1168 2474 οὖσαν
1186 2412 1333 2500 ἀφανίσαι
1349 2412 1475 2503 φιλονει-

378 2534 458 2603 κεῖς;
478 2523 603 2617 ἑταίραν
620 2520 709 2599 οἶδας
729 2522 838 2614 λέγειν,
854 2523 907 2585 καὶ
927 2529 1060 2612 γυναῖκα
1076 2519 1130 2585 οὐκ
1150 2519 1275 2602 ἐννοεῖς,
1295 2522 1345 2586 τὸν
1366 2523 1475 2612 τρόπον

378 2637 531 2720 κακίζεις,
545 2637 597 2700 καί
613 2634 647 2700 οὐ
663 2634 882 2725 σνγγινῶσκεις
897 2633 949 2696 καί
965 2630 1068 2723 φύσει,
1089 2633 1141 2696 καί
1160 2634 1219 2696 ἔθει
1233 2635 1284 2697 καὶ
1304 2632 1401 2722 τύχῃ,
1421 2638 1472 2699 καί

380 2740 424 2823 σίς
441 2743 510 2812 οὐδ’
530 2748 546 2812 ὁ
563 2746 793 2837 καρτερῶτατος
811 2745 965 2830 ἀντισχεῖν
984 2738 1124 2817 θύναιτο;
1143 2743 1195 2813 τὴν
1214 2743 1384 2809 ἀκολασίαν
1403 2747 1473 2836 κρί-

378 2882 452 2942 νεις,
479 2858 532 2924 καί
560 2858 614 2928 την
637 2858 740 2921 πενίαν
765 2853 985 2946 παρατρέχεις,
1010 2856 1045 2918 Τί
1065 2862 1123 2918 τῶν
1144 2863 1247 2919 κακῶν
1268 2857 1287 2926 ἡ
1307 2858 1394 2920 πενία
1417 2856 1475 2944 οὐχ

379 2971 559 3061 είςηγεῖται;
583 2976 668 3032 ποῖον
697 2966 752 3030 οὐκ
777 2967 915 3057 ἀφανίζει
941 2973 999 3030 τῶν
1024 2968 1163 3056 ἀγαθῶν,
1187 2944 1233 3031 ῶν
1255 2963 1353 3058 ἀνθρα
1376 2967 1474 3057 λάθῃ,

384 3076 441 3146 εύει
458 3075 538 3169 δίχα
553 3080 664 3170 πυρός,
683 3081 735 3144 καί
754 3081 908 3142 νεανίσκον
931 3076 984 3164 μὲν
1008 3083 1080 3142 ὄντα
1101 3077 1228 3171 γέροντα
1248 3081 1348 3150 τίθησι
1356 3077 1378 3163 1,
1398 3080 1474 3170 φρό-

406 3346 701 3416 ’ὃσῶοί.ιάνατριπτικὰ
713 3350 791 3394 ταῦτα
808 3354 850 3400 τῆς
863 3364 908 3394 το-
968 3340 1152 3409 ’Ἐπεμθαίνεις
1182 3344 1284 3414 κειμένῃ]
1317 3346 1374 3396 vide
1402 3363 1475 3413 supra

376 3438 443 3487 πικῆς
457 3428 624 3496 καταδρομῆς,
640 3426 666 3482 ἣν
678 3428 690 3474 ὁ
701 3431 830 3492 κατήγορος
844 3425 911 3481 δῆλος
938 3438 965 3486 p.
978 3423 1039 3482 105,
1049 3437 1073 3470 n.
1088 3425 1113 3470 5.

379 3509 428 3558 ίστί
438 3516 553 3574 σννιῖραι.
641 3564 645 3570 η
972 3500 1150 3566 ‘Comparatio
1168 3509 1219 3559 νηὸς
1234 3504 1407 3570 ἀνερματίστον
1425 3519 1473 3551 non

407 3583 585 3635 'Notissimum
596 3591 634 3632 est
646 3595 734 3629 numen
747 3586 869 3647 περίψημα
880 3596 911 3630 ex
938 3595 1003 3628 rara.
1022 3579 1123 3628 Basilius
1140 3580 1172 3628 tt.
1192 3580 1296 3630 Humilia
1309 3581 1339 3630 ad
1356 3582 1474 3641 Iuvenes,

375 3664 431 3714 ioco
446 3662 517 3713 Pauli
536 3660 574 3710 Ad
588 3659 743 3718 Corinthios,
758 3658 824 3724 quod
842 3659 862 3708 si
880 3674 910 3708 ex
939 3674 963 3708 c.
974 3661 988 3706 8
998 3650 1044 3708 ίάν
1054 3661 1134 3724 εἴημεν
1146 3663 1249 3723 ἀτεχνῶς
1259 3666 1322 3710 κατὰ
1334 3671 1380 3711 τῶν
1389 3666 1474 3711 πλοίων

374 3742 416 3792 illo
426 3743 495 3793 fonte
503 3740 626 3789 hausisset
637 3736 813 3803 Paehymmes,
826 3738 911 3802 toquu·
940 3745 970 3789 ιὰ
987 3741 1159 3806 ἁνερμάτιστα.
1168 3739 1275 3789 Joaunes
1287 3739 1375 3806 Chrys.
1386 3741 1422 3791 De
1433 3758 1475 3790 sa-

374 3830 413 3869 tus
427 3819 553 3869 missetat
566 3817 639 3866 homo
655 3820 731 3884 κλήρῳ
749 3821 829 3873 σωθείς
842 3821 910 3882 θείῳ,
939 3816 1006 3866 cerd.
1025 3820 1033 3862 1
1047 3854 1054 3878 ,
1066 3833 1088 3867 c.
1103 3818 1133 3875 1,
1150 3818 1181 3866 50
1193 3839 1199 3866 ι
1212 3820 1287 3886 ὥςπερ
1303 3823 1475 3887 ἀνερμάτιστον

375 3896 441 3964 quod
452 3896 520 3947 dese
531 3895 649 3962 praedicat
659 3894 818 3945 Historiarum
831 3894 909 3943 initio.
938 3899 1018 3945 πλοῖον
1033 3898 1065 3952 εἰς
1077 3901 1177 3961 πέλαγος
1189 3903 1252 3962 ἡμᾶς
1264 3898 1360 3965 ἄπειρον
1375 3903 1474 3966 ἀφῆκας.

375 3975 425 4026 Sed
439 3984 533 4037 orator,
547 3974 588 4039 qui
606 3989 633 4023 se
653 3972 789 4036 esse'iingit
804 3972 910 4022 Atticum
938 3973 973 4022 lbi
983 3974 1042 4022 Leo.
1054 3974 1135 4023 Gualt.
1149 3975 1227 4025 Scott.
1239 3976 1333 4039 Nigeliu
1346 3995 1351 4023 :
1363 3993 1374 4018 ι
1386 3991 1412 4024 as
1422 3991 1476 4041 pas·

375 4054 457 4117 nntius
468 4052 609 4103 meminisse
619 4052 741 4118 putandus
756 4062 793 4100 est
806 4052 911 4117 antiquas
937 4052 988 4100 sive
1001 4051 1051 4101 and
1068 4052 1176 4116 helpiess
1188 4068 1215 4100 as
1230 4068 1244 4101 a
1261 4052 1328 4111 boat,
1341 4053 1393 4100 that
1405 4051 1475 4102 drifts

376 4131 499 4193 formula,
525 4135 649 4199 περίψημα
672 4134 738 4193 ἡμῶν
766 4137 845 4194 γενοῦ,
864 4146 912 4194 qua
939 4130 1041 4178 without
1052 4145 1095 4178 oar
1107 4146 1135 4178 or
1150 4129 1251 4191 rudder‚
1264 4139 1289 4180 at
1300 4131 1341 4179 the
1355 4145 1439 4196 merny
1450 4133 1477 4182 oi

375 4210 506 4261 utebantur
515 4210 658 4274 dejicientes
670 4209 799 4273 quotannis
810 4208 835 4257 in
844 4223 912 4257 mare
939 4208 981 4257 the
991 4206 1057 4256 wind
1069 4207 1116 4256 and
1129 4223 1207 4256 naves
1219 4226 1241 4257 ι.

374 4288 489 4353 juvenem
497 4303 543 4353 pro
552 4287 696 4336 lustratione
707 4302 736 4336 ac
747 4286 825 4336 salute
835 4285 912 4345 urbis,
973 4285 1101 4334 “Meminit
1112 4285 1226 4335 Hesiudsi
1238 4286 1284 4336 loci
1298 4286 1329 4336 de
1340 4289 1403 4339 mala
1416 4306 1475 4340 mu-

376 4366 443 4431 quud
460 4366 535 4415 docet
556 4365 657 4415 Photins
675 4362 764 4414 Leuius
785 4366 810 4414 in
830 4370 909 4434 Περίψ.
939 4364 1000 4415 liere
1015 4362 1045 4411 E.
1063 4365 1111 4414 100
1123 4383 1128 4414 z
1142 4364 1175 4414 Οὐ
1196 4371 1238 4429 μὲν
1257 4371 1304 4433 γάρ
1325 4389 1349 4417 τι
1369 4376 1475 4432 γυναικὸς

376 4443 438 4495 Vide
448 4454 473 4495 et
483 4444 581 4495 Boeium
595 4442 702 4493 Exercit.
717 4458 743 4507 p.
758 4445 814 4492 131.
940 4447 999 4512 ἀνὴρ
1021 4446 1109 4504 ληίζετ’
1135 4443 1229 4508 ἄμεινον
1250 4452 1297 4504 Τῆς
1316 4449 1413 4509 ἀγαθῆς·
1434 4459 1475 4504 τῆς

1290 4528 1330 4585 26
