3684 5659
728 684 731 689 .
815 626 974 688 ΜΕΛΕΤΗ
1000 615 1036 688 [¹.
1400 625 1471 695 199

371 755 529 852 ροξύνεται
555 759 591 823 τὸ
618 761 726 849 ῥητόν,
755 755 830 836 ἀξιῶ
860 761 912 823 καί
943 756 1036 836 ούτως
1062 760 1155 830 αὐτην
1182 761 1295 833 ἐκείνην
1323 759 1472 849 δημοσίαν

372 871 526 961 γίνεσθαι,
544 870 605 953 ἵνα,
623 870 680 933 κοίν
694 870 735 957 μίο
748 872 829 935 κατὰ
841 870 875 933 τὸ
889 875 942 934 τοῦ
955 870 1046 957 νόμου
1062 867 1202 957 βούλημα
1216 866 1468 961 διαπροίττωμαι,

374 979 444 1045 ἀλλ’
469 972 521 1045 οῦν
542 983 606 1067 ἔχω
630 983 682 1044 καί
707 979 797 1045 ποίλιν
820 979 853 1044 ἐκ
875 983 1052 1070 περιουσίας
1073 983 1123 1046 τὸν
1148 982 1236 1069 νόμον
1265 982 1469 1073 ἀποπληροῦν.

374 1097 434 1167 Τῆς
450 1096 523 1183 χοῦν
540 1091 684 1182 χυναικὸς
703 1086 855 1177 δημοσίας
872 1094 1071 1166 καταστάσης
1089 1087 1215 1174 δούλης,
1235 1090 1358 1179 ἕψονται
1378 1093 1471 1182 ταύτῃ

375 1203 428 1267 καί
454 1202 495 1265 τὰ
521 1201 654 1291 χρυσία,
680 1201 807 1266 κοίκεῐνα
829 1209 891 1275 τοῖς
916 1196 1074 1287 δημοσίοις
1101 1205 1400 1290 προςανακείσονται.
1427 1201 1472 1266 Οῦ

376 1316 476 1377 ταῦτα
498 1310 614 1401 λέγεις,
640 1312 692 1374 καί
720 1316 781 1374 ἄνω
806 1312 858 1375 καί
884 1308 983 1374 κοίτω1
1008 1311 1042 1374 τὸ
1060 1313 1126 1401 περὶ
1148 1309 1217 1385 τοῦς
1240 1313 1349 1398 νόμους
1375 1317 1473 1386 ζητεῖς

377 1421 541 1512 ἀσφαλῶς;
556 1415 618 1510 ἆρα
630 1419 733 1495 καλῶς
744 1421 794 1485 τὸν
809 1421 920 1485 σκοπὸν
931 1429 989 1484 τῶν
1002 1429 1061 1484 σῶν
1074 1420 1170 1510 λόχων
1185 1417 1404 1512 διεσαφήνισα;
1419 1422 1473 1487 οῦκ

378 1527 484 1637 οἶδας,
503 1530 618 1622 λίχεις,
639 1531 689 1595 τὸν
711 1532 812 1618 νόμον,
843 1536 900 1597 ποῦ
925 1531 1006 1621 ῥέπει
1031 1533 1083 1594 καί
1110 1533 1139 1594 τί
1163 1541 1267 1621 σαφῶς
1292 1527 1470 1624 διορίζεται.

377 1641 452 1707 Αλλ’
471 1646 549 1707 ἔστω
567 1639 620 1729 μἐν
632 1641 685 1712 την
699 1640 835 1732 ἑταίραν,
855 1644 933 1706 ἔστω
951 1637 984 1705 δὲ
1002 1643 1053 1705 καί
1072 1643 1112 1704 τὰ
1129 1644 1244 1732 χρυσία
1257 1643 1353 1734 λέγειν
1368 1643 1470 1708 αὐτόν.

378 1752 514 1819 Γενέσθω
538 1757 609 1844 χοῦν
631 1753 649 1823 ἡ
672 1753 744 1842 γυνη
765 1748 917 1839 δημοσία,
937 1753 994 1816 κᾶν
1014 1753 1028 1816 ὁ
1046 1754 1136 1839 νόμος
1155 1759 1242 1817 τοῦτο
1260 1755 1317 1819 κᾶν
1336 1755 1377 1842 μη
1395 1752 1473 1840 βοῦ-

379 1863 483 1935 ληται.
503 1840 546 1927 Ᾰν
563 1863 605 1950 μὴ
623 1860 770 1948 βούληται
784 1863 909 1941 ταύτην,
931 1864 1010 1928 ἀλλὰ
1027 1865 1066 1927 τοί
1088 1867 1203 1955 χρυσία
1225 1862 1300 1929 εἶναι
1321 1861 1471 1952 δημόσια,

379 1974 491 2066 ἡχυνίι
509 1970 645 2060 δημοσία
663 1977 759 2058 ἔστω,
780 1977 831 2039 καί
852 1972 930 2040 ούτω
952 1977 1097 2050 κάκείνοις
1113 1978 1152 2039 τοί
1169 1979 1283 2066 χρυσία
1300 1980 1476 2066 γενήσονταί

381 2110 432 2174 μοι
448 2081 585 2173 δημόσια
598 2109 641 2165 ».,

429 2176 519 2279 Ᾰλλ’,
546 2190 667 2279 ὦ’τοίν,
693 2193 728 2259 οῦ
750 2194 855 2283 μικρὸν
876 2194 891 2258 ὁ
911 2190 1048 2269 κίνδυνος
1067 2198 1133 2288 περί
1158 2198 1211 2266 τὴν
1235 2197 1343 2261 ἀθλίαν
1365 2197 1476 2269 ταύτην

381 2315 514 2399 γυναῖκα
521 2351 533 2387 ,
556 2305 649 2387 ὤςτε,
674 2307 724 2370 καί
749 2306 789 2392 μὴ
812 2301 994 2390 βουλομένου
1016 2312 1068 2369 τοῦ
1091 2308 1200 2392 νόμον,
1227 2304 1409 2371 δουλοῦσθαι
1433 2317 1476 2394 τῷ

383 2413 471 2506 δήμῳ
485 2420 595 2501 παντί,
615 2417 703 2504 μόνον
717 2420 742 2480 εί
760 2415 797 2480 οῦ
812 2413 941 2489 κελεύεις
960 2410 1012 2478 διοί
1030 2418 1156 2484 τὴντῶν
1174 2418 1283 2502 νόμων,
1304 2416 1344 2490 ὡς
1362 2416 1456 2506 λέγεις
1463 2465 1472 2501 ,

384 2528 565 2620 ἀσφάλειαν.
582 2506 655 2591 Ᾰλλ’
668 2531 692 2592 εί
704 2527 794 2614 νόμος
804 2525 916 2591 κελεύει
930 2527 963 2589 τὸ
977 2525 1088 2597 ταύτην
1102 2522 1256 2612 δημοσίαέ
1272 2521 1473 2611 δουλοῦσθαι,

383 2642 461 2709 ἔστω
475 2640 529 2704 καὶ
543 2634 635 2709 δούλη
648 2640 700 2703 καί
718 2634 871 2724 δημοσία,
889 2638 940 2700 καί
956 2635 989 2700 ού
1004 2639 1088 2727 σοίχε
1102 2639 1308 2728 τιμωρείσθω,
1323 2635 1402 2700 ἀλλὰ
1414 2646 1478 2713 τοῖς

384 2752 486 2838 νόμοις
506 2746 584 2814 οῦτω
607 2748 794 2814 κελεύουσιν·
820 2751 844 2811 εί
869 2743 897 2811 δ’
918 2746 952 2811 οῦ
969 2747 1081 2811 κελεύει
1101 2749 1190 2834 νόμος
1210 2746 1315 2831 αὐτήν,
1340 2746 1419 2811 οίλλοί
1438 2749 1477 2810 τὰ

384 2862 500 2952 χρυσία
534 2856 610 2924 εἶναι
640 2856 795 2947 δημόσια,
826 2863 883 2923 ποῦ
915 2854 1033 2922 δίκαιον
1062 2860 1151 2930 τόσην
1176 2855 1262 2928 δίκην
1292 2854 1396 2922 δοῦναι
1425 2860 1478 2930 τίον

386 2972 626 3064 ἁμαρτήσασαν,
648 2972 683 3043 ἣν
702 2966 772 3035 οῦδὲ
790 2971 879 3056 νόμος
898 2965 991 3049 οἶδεν,
1012 2965 1078 3033 οὐδ’
1095 2965 1167 3045 ἦθος
1188 2975 1241 3034 τοῦ
1258 2965 1356 3055 δήμου
1371 2969 1478 3058 φιλοίν-

388 3083 521 3174 θρωπον;

434 3196 495 3258 Καὶ
512 3193 570 3280 μὴν
590 3193 679 3279 νόμος
696 3190 776 3256 ἐστὶν
793 3189 883 3265 ἄλλος
900 3192 952 3254 καί
973 3182 1059 3266 οὗτος
1075 3200 1133 3255 τῶν
1151 3190 1302 3274 παλαιῶν,
1324 3198 1361 3254 οίν
1377 3189 1435 3256 πού
1451 3216 1479 3254 τι

387 3301 469 3395 φέροι
485 3304 576 3390 νόμος
593 3301 771 3392 οίμφίῦολον,
790 3301 863 3393 πρὸς
880 3302 914 3365 τὸ
932 3301 1206 3392 φιλανθρωπότερον
1224 3298 1395 3391 ἐξηγεῖσθαι
1413 3302 1481 3376 τοὺς

388 3415 559 3504 κρίνοντας·
581 3436 597 3471 <t
615 3415 738 3477 Νικοίτω
758 3436 773 3468 ν
796 3413 855 3502 χὰρ
880 3435 895 3468 «
915 3411 960 3476 ἐπί
984 3421 1047 3486 τοῖς
1065 3410 1242 3501 ἀμφιῦόλοις
1261 3437 1276 3467 υ
1301 3414 1390 3500 φησί,
1416 3434 1432 3467 ι(
1448 3412 1481 3474 τὸ

387 3522 595 3617 φιλάνθρωπον
615 3547 644 3587 ν.
669 3524 763 3587 Ποίαν
784 3527 944 3612 τοιγαροῦν
965 3521 1023 3609 οὐχ
1044 3518 1219 3612 ῦπερελοίσει
1242 3523 1404 3593 ἀπήνειαν,
1427 3521 1479 3603 τό,

389 3632 558 3725 ἀμφιῦόλου
575 3632 711 3721 κειμένου
726 3635 749 3696 εἰ
763 3630 887 3715 ταύτην,
909 3639 937 3695 εἴ
950 3654 982 3695 τε
999 3633 1038 3694 τὰ
1057 3634 1189 3723 χρυσία,
1209 3639 1251 3717 τῷ
1269 3626 1405 3718 δημοσίῳ
1423 3657 1481 3694 κα

390 3746 579 3835 θνποίχεσθαι
593 3744 607 3808 ὁ
620 3743 724 3833 παρὼν
734 3743 823 3829 νόμος
835 3737 990 3825 βούλεται,
1004 3740 1038 3805 σὲ
1052 3740 1174 3825 ταύτην,
1187 3742 1239 3804 καί
1253 3741 1294 3827 μὴ
1305 3742 1344 3804 τὰ
1353 3744 1481 3832 χρυσία,

389 3862 486 3919 ποιεῖν
502 3851 554 3936 ὑπ’
571 3852 692 3924 εὐθύνην
709 3852 841 3941 ἐσχάτην
860 3853 911 3915 καί
935 3847 1153 3927 καταδικάζειν
1175 3849 1269 3926 οῦτως
1289 3853 1341 3921 τίον
1364 3855 1483 3941 ἄνθρω-

390 3987 464 4043 πον;
483 3987 499 4021 ο
513 3962 650 4055 Περιέχει
666 3988 680 4019 υ
694 3965 767 4054 φύς,
788 3987 803 4020 <t
819 3965 837 4033 ἡ
852 3964 944 4054 πόρνη
962 3965 1014 4027 καί
1031 3966 1070 4027 τὰ
1088 3967 1219 4055 χρυσία,
1242 3965 1281 4036 ὡς
1298 3961 1433 4047 κτωμένη
1450 3962 1483 4024 τὸ

391 4083 494 4161 κτῆμα
511 4098 540 4139 υ.
564 4053 637 4138 Ᾰλλ’
659 4072 693 4136 οῦ
715 4072 806 4137 καλὸν
828 4072 920 4143 αῦτίιν
939 4072 1068 4137 ἐντεῦθεν
1087 4069 1363 4145 καταδικάζεσθαι.
1384 4070 1485 4133 Πολλοί

391 4184 423 4276 γ’
448 4187 506 4250 εἰσί
530 4187 570 4250 τὰ
597 4187 639 4259 είς
663 4178 844 4274 ἀμφιθολίαν
862 4187 1003 4271 κείμενα,
1030 4181 1155 4246 κάκεῐσέ
1178 4207 1223 4255 τις
1249 4178 1365 4270 εὑρήσει
1390 4181 1425 4243 το’
1454 4205 1485 4243 τε

426 4460 501 4515 ’Ἅνω
514 4471 554 4515 καί
568 4464 644 4531 κάτω]
660 4463 721 4515 Vide
733 4481 758 4529 p.
775 4467 835 4525 168,
849 4480 873 4514 n.
888 4466 912 4512 3.
965 4462 974 4488 ³
990 4462 1062 4524 cod„
1078 4463 1188 4527 δημοτίκ.
1203 4463 1233 4512 Et
1247 4463 1282 4512 sic
1298 4479 1322 4527 φ.
1336 4464 1377 4525 47,
1389 4466 1413 4512 8.
