3684 5659
374 594 444 665 256
714 596 808 659 ΦΙΛΗ
835 597 896 657 ΕΙΣ
922 593 1132 655 ΠΑΧΥΜΕΡΗ

519 717 544 800 (λ
561 737 620 826 γὰρ
638 735 718 798 κατὰ
736 733 770 797 σὲ
787 733 923 821 τεχνικὸς
940 725 1130 801 διδάσκαλος

519 853 642 936 ἄριστον
659 843 806 915 ἐκτήσατο
824 844 875 906 καὶ
894 840 977 933 ρι’λον
992 839 1076 915 τέλος

519 953 721 1030 οέναλυτικιῖις1
738 949 871 1027 ἐκδοθεὶς
888 961 950 1026 τοῖς
967 948 1131 1040 πατράσι’.

519 1049 609 1155 ῥώμη
626 1067 696 1150 νέα,
717 1066 840 1139 στέναζε
858 1067 909 1129 καὶ
932 1064 1054 1152 θρήνους
1071 1061 1178 1126 πλέκε·

518 1187 576 1243 τῶν
595 1180 654 1268 γὰρ
674 1177 769 1267 λόγων
787 1175 802 1238 ὁ
819 1176 933 1261 κόσμος
949 1177 990 1248 εἰς
1007 1182 1063 1263 γῆν
1081 1169 1203 1261 ἐκρθθη.

518 1288 596 1358 Πλὴν
614 1291 638 1352 εἰ
656 1285 745 1351 πάλιν
762 1287 904 1354 αἴσθησιν
922 1287 964 1359 εἰς
980 1283 1088 1374 λόγους
1104 1277 1214 1371 ἔχειςῧ,

520 1397 703 1488 Παχυμέρη,
723 1395 864 1485 πρόελθε,
883 1397 936 1460 κοιλ
954 1396 1153 1486 λορορροίρει,

520 1512 571 1574 καὶ
590 1508 659 1583 τοὺς
675 1509 714 1571 τὰ
731 1508 898 1592 μαθήματα
917 1501 1094 1578 συνθένταςθ
1109 1506 1198 1587 νίκα,

518 1622 626 1694 καινὰς
643 1617 689 1682 ἐπ’
708 1616 812 1691 αὐτοῖς
829 1611 1020 1680 ἐκδιδάσκων
1037 1613 1180 1707 εὑρέσεις.

519 1714 569 1796 ἵνα
587 1726 620 1794 θὲ
638 1732 678 1793 τὰ
693 1727 842 1820 πρέποντα
860 1722 1030 1798 συλλήθθην
1049 1729 1172 1818 ρροίσω,

519 1843 535 1906 ὁ
551 1841 696 1930 σύλλογος
713 1847 774 1913 πᾶς
790 1845 847 1902 τῶν
865 1845 964 1927 σορών
980 1836 1125 1902 κόπτεσθέ
1142 1834 1223 1925 ped.

371 2070 420 2118 rios
444 2063 631 2115 commentarios
652 2070 677 2110 et
698 2059 860 2125 paraphrases
879 2060 903 2108 in
932 2060 1031 2126 frigide!
1048 2060 1151 2127 Scripsit
1165 2061 1329 2127 pachymeres
1348 2063 1465 2114 «inuni-

371 2145 525 2196 Aristotelem
538 2142 636 2210 reliquit
649 2140 825 2205 Pachymeres‚
842 2149 904 2188 teste
931 2154 1025 2189 versam
1047 2141 1182 2192 Aristotelis
1208 2151 1286 2191 artem
1309 2141 1463 2207 Epitomen»

371 2223 482 2275 Fabricio
503 2222 519 2271 l.
541 2237 563 2271 e.
587 2237 614 2287 p.
630 2220 677 2266 466
700 2217 736 2283 [ρ.
750 2217 820 2283 785].
835 2218 904 2267 Νιιιιο
931 2217 999 2282 cujus
1009 2219 1176 2285 interpretatio
1186 2221 1276 2283 latina,
1289 2220 1384 2271 Rasarii
1396 2237 1464 2288 epm,

372 2305 419 2353 hoe
447 2304 580 2366 interprete
616 2307 727 2358 mortuo,
760 2296 903 2345 Aristoteles
931 2296 1039 2347 venetiis
1057 2299 1102 2347 luit
1121 2300 1231 2366 evulgata
1245 2316 1270 2350 a.
1285 2299 1360 2349 1545.
1384 2299 1466 2350 insunt

372 2381 475 2449 quiescit
506 2393 585 2444 neque
609 2377 714 2441 legitur,
744 2392 818 2441 quum
845 2390 905 2439 pro·
931 2377 1026 2426 Priores
1043 2377 1185 2443 Philosophi
1203 2388 1228 2428 et
1246 2378 1399 2428 Posteriores
1418 2379 1466 2429 lle-

371 2472 427 2527 pter
443 2459 498 2525 styli
516 2457 687 2507 obscuritatem
700 2455 753 2503 sine
772 2455 905 2518 interprete
931 2454 1073 2505 solutiones.
1089 2457 1164 2516 Quam
1180 2458 1313 2509 editionem
1326 2457 1360 2508 ob
1374 2459 1400 2508 id
1414 2477 1466 2512 me·
1517 2440 1519 2447 Ι

371 2540 419 2604 legi
439 2545 556 2603 nequeat,
576 2545 601 2584 et
617 2535 712 2584 clausus
725 2532 842 2581 videatur.
862 2531 904 2580 Sin
932 2547 1015 2592 moro,
1029 2534 1094 2598 quod
1107 2535 1138 2584 de
1150 2552 1180 2585 ea
1192 2547 1289 2587 taceant
1301 2538 1427 2591 Fabricius
1442 2528 1466 2588 ei

373 2617 544 2667 obscuritatem
563 2614 626 2663 nolis
646 2610 792 2676 philosopho
814 2624 904 2674 expro-
932 2609 1062 2661 Harlesius.

372 2697 452 2754 brari,
470 2696 536 2758 legas
550 2708 605 2742 mea
619 2706 681 2756 paee
694 2694 841 2747 κλαύσαντα,
859 2692 905 2737 de·
965 2687 1077 2749 ²Codd..
1090 2698 1206 2761 πατράσι.
1216 2693 1294 2756 Edd,
1303 2701 1433 2765 πατράσιν,
1443 2707 1467 2746 et

368 2779 431 2840 fleas
438 2784 490 2822 tuos
498 2775 572 2821 libros
578 2771 711 2834 interprete
721 2766 818 2818 orbatos
829 2786 850 2815 υ.
861 2765 902 2815 W.
932 2767 957 2816 in
968 2767 1076 2818 clausula
1086 2769 1158 2821 bene.

371 2853 479 2902 Priorem
493 2849 656 2913 conjecturum
671 2862 725 2894 esse
738 2861 818 2894 veram
833 2844 905 2892 dice-
965 2845 1081 2909 ³Codd.‚
1101 2850 1175 2912 ἔχεις,
1198 2851 1265 2915 quod
1286 2852 1395 2902 correxit
1414 2851 1465 2911 W„

372 2930 427 2979 bam
447 2929 504 2976 olim
521 2926 552 2974 ad
574 2926 620 2972 hu.
641 2924 684 2973 Gr.
702 2933 719 2972 t.
740 2924 777 2981 ll,
796 2938 822 2986 p.
843 2923 903 2980 198,
932 2940 1005 2988 quum
1021 2926 1113 2976 editum
1131 2939 1208 2988 esset,
1228 2930 1300 2993 ἔχοις.
1321 2918 1466 2980 Permutatio

373 3023 475 3072 eantque
489 3003 634 3053 confirmant
648 3001 752 3050 codices.
767 3000 845 3048 Sonus
858 3017 904 3063 pa·
932 3012 969 3050 est
990 3004 1060 3053 solita
1087 3007 1205 3056 vocalium
1229 3029 1250 3057 α
1273 3030 1305 3059 οι.
1331 3010 1466 3059 Methodius

373 3087 424 3136 rilis
443 3083 561 3134 vocalium
583 3101 596 3129 υ
617 3101 637 3130 α
661 3079 774 3128 mendum
798 3078 902 3141 peperit.
934 3081 1009 3130 Conv.
1023 3100 1049 3146 p.
1064 3085 1106 3132 167
1124 3107 1130 3133 τ
1146 3088 1209 3154 ἀτὰρ
1222 3096 1256 3150 μή
1275 3109 1300 3137 τι
1318 3092 1414 3146 κωλυοις
1429 3091 1466 3138 ἐὰν

372 3165 493 3214 Himerius
505 3163 546 3210 Or.
557 3163 599 3218 93,
614 3163 640 3207 i8
654 3179 659 3207 z
672 3161 807 3214 ἀπέκλεισας
821 3160 903 3213 πύλας·
933 3162 1142 3227 ἀντιλαμθοίνωμοιι
1151 3176 1196 3214 τῶν
1204 3171 1405 3229 lopota'vet‘tenle
1413 3167 1467 3215 Pos-

373 3241 517 3291 malecodeu
526 3235 903 3293 dussimusTheodorusProdr.
932 3241 986 3289 uino
998 3260 1004 3286 :
1020 3259 1031 3284 ι
1045 3242 1089 3289 sed
1101 3259 1181 3307 queso
1192 3259 1223 3291 ne
1235 3245 1295 3309 quid
1306 3244 1430 3296 obstes...
1443 3263 1464 3292 ι.

373 3322 476 3370 Tetrast.
491 3337 516 3383 p.
529 3320 559 3367 56
574 3339 585 3381 ς,
593 3320 693 3379 Βαλαὰμ
708 3318 843 3384 ἀλλορὺλοιο
858 3313 905 3370 ὄνος
934 3318 1013 3366 llnlim
1026 3323 1121 3381 κωλύει,
1135 3334 1213 3371 sumto
1227 3324 1301 3371 etiam
1315 3333 1349 3388 μὴ
1365 3325 1466 3373 interro-

372 3407 429 3450 ποτὲ
444 3411 513 3468 γῆρυν
525 3400 608 3464 ἄειρεν,
624 3392 725 3459 ’λρρέλου
738 3398 903 3449 &urreisa-oros
934 3398 1011 3459 gative
1027 3419 1032 3446 ι
1052 3418 1062 3441 u
1079 3399 1122 3448 sed
1141 3401 1250 3465 nunquid
1269 3401 1352 3451 obstat
1365 3406 1398 3451 »P
1416 3400 1466 3450 Alia

373 3481 425 3543 ἐμοὶ
444 3481 476 3538 d’,
492 3479 527 3528 ὄνε
543 3484 664 3541 κάμμορε,
679 3479 784 3537 γλῶσσα,
802 3471 834 3523 Ob
849 3478 905 3521 ποτέ
934 3486 970 3524 cst
982 3476 1203 3536 hiialianaeieclio‚
1216 3488 1251 3543 μή
1266 3501 1290 3529 τι
1305 3485 1400 3538 noluo,
1414 3496 1465 3528 cum

372 3579 414 3622 μοι
426 3566 537 3625 κραιπνὴν
550 3559 596 3612 ἐπί,
609 3556 713 3610 δύςτανε,
727 3563 797 3619 γῆρυν
810 3554 904 3618 deipsis·
935 3557 1147 3621 interpretatione,
1167 3576 1178 3601 ι
1193 3574 1250 3607 num
1273 3575 1332 3609 vero
1351 3569 1389 3608 est
1405 3559 1466 3624 quod

372 3637 404 3703 τῼ
417 3644 463 3693 θεὸς
479 3640 586 3685 ἀντίασεν
600 3635 646 3683 οὐδ’
660 3635 777 3700 ἀλλορθλῳ
788 3641 904 3694 γεγαυῖα,
934 3634 1096 3698 impediunt
1113 3637 1172 3685 Puto
1189 3640 1267 3685 κωλύω
1283 3653 1337 3686 esse
1354 3637 1466 3686 mendum

373 3716 466 3774 codex,
495 3714 580 3769 ἀΰσας.
603 3712 665 3760 Male
687 3712 803 3774 scriptum
828 3710 906 3758 luerat
934 3723 1061 3777 typorum,
1077 3725 1101 3762 et
1116 3714 1229 3764 Allatium
1249 3717 1329 3781 ipsum
1343 3717 1467 3783 scripsisse

374 3798 471 3851 ἀείσας,
493 3803 517 3841 et
537 3791 643 3840 correxit
662 3805 784 3838 nonnemo
805 3792 903 3856 ἀείρας,
933 3793 1465 3862 autvoluisseseriberezo).lst‚idquebene.

373 3873 453 3923 lorsan
471 3881 495 3919 et
512 3869 543 3918 ob
561 3866 702 3932 praecedens
717 3868 801 3932 ἄειρεν.
819 3867 906 3915 Sedet
969 3871 1065 3928 ‘Edd.‚
1084 3872 1116 3929 B,
1139 3879 1269 3930 συνθέντας.
1291 3876 1325 3934 Α,
1350 3876 1465 3931 συνθέτοις.

373 3952 514 4018 praecedens
529 3948 588 3998 illud
603 3948 679 4014 ἄειρεν
696 3946 767 3995 abeat
783 3947 806 3993 iu
823 3946 905 4006 ἄϋσεν,
933 3949 1065 4014 «Respicit
1079 3951 1109 3999 ad
1126 3951 1297 4002 mathematica
1310 3954 1404 4019 scripta
1421 3955 1466 4003 Pa-

374 4032 436 4080 duee
448 4029 543 4081 codice.
563 4026 681 4092 Quicquid
695 4025 725 4074 sit
737 4025 767 4073 dc
781 4025 906 4090 utriusque
933 4027 1068 4093 chymeris,
1089 4045 1142 4093 quse
1164 4030 1235 4079 facile
1253 4046 1283 4079 ex
1304 4030 1417 4082 Fabricio
1435 4029 1465 4095 [l.

374 4111 499 4171 scriptume
513 4107 619 4170 origine,
634 4121 696 4154 nova
708 4105 783 4152 multo
798 4114 905 4168 praestat.
934 4105 988 4170 eit]
1006 4108 1117 4168 cognosci
1132 4117 1233 4170 possunt
1247 4127 1269 4155 ν.
1283 4108 1325 4157 W.

374 4187 503 4249 Euripides
517 4188 575 4234 lone
591 4186 651 4234 1446
665 4204 670 4233 z
683 4187 726 4233 τίν’
741 4184 814 4232 attus
827 4184 904 4242 αθσως
968 4185 1021 4235 5λ,
1035 4196 1148 4253 nupturos
1163 4191 1290 4236 κοιιτέσθω.
1306 4189 1468 4237 Permutatio-

410 4264 417 4288 ¹
435 4282 445 4306 ι
467 4264 557 4311 llllurlit
572 4273 694 4326 poetaster
710 4262 739 4310 ad
753 4263 827 4311 libres
845 4279 906 4310 ana·
934 4279 989 4311 nom
1008 4265 1130 4313 uoriiiuum
1149 4270 1216 4333 σορός
1233 4275 1257 4314 et
1274 4276 1386 4333 σσριττής
1404 4265 1468 4329 attigi

375 4342 460 4404 lytieos
482 4341 632 4403 Aristotelis,
653 4357 788 4389 memorans
810 4341 906 4404 Paehy-
934 4343 964 4390 ad
976 4343 1069 4406 Eunap.
1080 4359 1105 4406 p.
1117 4344 1172 4392 439,
1185 4344 1254 4392 Adde
1265 4344 1395 4409 Wyttenb.
1407 4344 1467 4394 Bibl.

376 4435 446 4468 merae
460 4418 553 4467 beatam
567 4421 673 4467 ἀνάλυσιν
686 4439 708 4468 ν.
723 4419 763 4468 W.
775 4419 823 4467 Sed
835 4435 905 4482 quam
934 4420 992 4468 Crit.
1010 4432 1072 4484 part.
1087 4422 1145 4482 llll,
1160 4439 1184 4486 p.
1198 4426 1236 4472 ta.
