<?xml version="1.0" encoding="UTF-8"?>
<!DOCTYPE html PUBLIC "-//W3C//DTD XHTML 1.0 Transitional//EN"
    "http://www.w3.org/TR/xhtml1/DTD/xhtml1-transitional.dtd">
<html xmlns="http://www.w3.org/1999/xhtml" xml:lang="en" lang="en">
 <head>
  <title>
</title>
<meta http-equiv="Content-Type" content="text/html;charset=utf-8" />
  <meta name='ocr-system' content='tesseract 3.04.00' />
  <meta name='ocr-capabilities' content='ocr_page ocr_carea ocr_par ocr_line ocrx_word'/>
</head>
<body>
  <div class='ocr_page' id='page_1' title='image "./gpachymerisdecl00hiergoog_0195.png"; bbox 0 0 3684 5659; ppageno 0'>
   <div class='ocr_carea' id='block_1_1' title="bbox 802 633 1454 710">
    <p class='ocr_par' dir='ltr' id='par_1_1' title="bbox 802 633 1454 710">
     <span class='ocr_line' id='line_1_1' title="bbox 802 633 1454 710; baseline 0.008 -6"><span class='ocrx_word' id='word_1_1' title='bbox 802 645 959 704; x_wconf 80' lang='lat' dir='ltr'><strong>MEAETH</strong></span> <span class='ocrx_word' id='word_1_2' title='bbox 985 633 1030 706; x_wconf 73' lang='grc' dir='ltr'><em>ω’.</em></span> <span class='ocrx_word' id='word_1_3' title='bbox 1392 641 1454 710; x_wconf 77' lang='grc'><em>171</em></span> 
     </span>
    </p>
   </div>
   <div class='ocr_carea' id='block_1_2' title="bbox 369 771 1467 3295">
    <p class='ocr_par' dir='ltr' id='par_1_2' title="bbox 373 771 1459 977">
     <span class='ocr_line' id='line_1_2' title="bbox 374 771 1459 910; baseline 0.003 -70.003"><span class='ocrx_word' id='word_1_4' title='bbox 374 776 500 868; x_wconf 79' lang='grc' dir='ltr'><em>γραφέν,</em></span> <span class='ocrx_word' id='word_1_5' title='bbox 525 777 577 840; x_wconf 80' lang='grc' dir='ltr'><em>καί</em></span> <span class='ocrx_word' id='word_1_6' title='bbox 600 771 668 839; x_wconf 74' lang='grc' dir='ltr'><em>οὐδ’</em></span> <span class='ocrx_word' id='word_1_7' title='bbox 691 775 765 840; x_wconf 80' lang='grc' dir='ltr'><em>αὐτὸ</em></span> <span class='ocrx_word' id='word_1_8' title='bbox 787 772 931 851; x_wconf 73' lang='grc' dir='ltr'><em>δυςωπεῖ1</em></span> <span class='ocrx_word' id='word_1_9' title='bbox 949 779 983 841; x_wconf 86' lang='grc' dir='ltr'><em>τὸ</em></span> <span class='ocrx_word' id='word_1_10' title='bbox 1001 779 1110 910; x_wconf 77' lang='grc' dir='ltr'><em>ρητόν,</em></span> <span class='ocrx_word' id='word_1_11' title='bbox 1131 775 1259 864; x_wconf 85' lang='grc' dir='ltr'><em>μηδὲν</em></span> <span class='ocrx_word' id='word_1_12' title='bbox 1241 775 1355 868; x_wconf 82' lang='grc' dir='ltr'><em>ασαρές</em></span> <span class='ocrx_word' id='word_1_13' title='bbox 1373 782 1459 865; x_wconf 83' lang='grc' dir='ltr'><em>ἔχον,</em></span> 
     </span>
     <span class='ocr_line' id='line_1_3' title="bbox 373 881 1461 996; baseline 0.003 -47"><span class='ocrx_word' id='word_1_14' title='bbox 373 881 448 972; x_wconf 89' lang='grc' dir='ltr'><em>μηδέ</em></span> <span class='ocrx_word' id='word_1_15' title='bbox 463 909 492 948; x_wconf 91' lang='grc' dir='ltr'><em>τι</em></span> <span class='ocrx_word' id='word_1_16' title='bbox 510 882 632 996; x_wconf 69' lang='grc' dir='ltr'><em>γρῑρον’</em></span> <span class='ocrx_word' id='word_1_17' title='bbox 652 888 703 950; x_wconf 82' lang='grc' dir='ltr'><em>καί</em></span> <span class='ocrx_word' id='word_1_18' title='bbox 722 890 973 977; x_wconf 85' lang='grc' dir='ltr'><em>περινενοήμενον,</em></span> <span class='ocrx_word' id='word_1_19' title='bbox 993 889 1034 961; x_wconf 88' lang='grc' dir='ltr'><em>ὡς</em></span> <span class='ocrx_word' id='word_1_20' title='bbox 1051 889 1155 976; x_wconf 87' lang='grc' dir='ltr'><em>χώραν</em></span> <span class='ocrx_word' id='word_1_21' title='bbox 1174 884 1293 952; x_wconf 89' lang='grc' dir='ltr'><em>διδόναι</em></span> <span class='ocrx_word' id='word_1_22' title='bbox 1310 898 1377 964; x_wconf 90' lang='grc' dir='ltr'><em>ταῖς</em></span> <span class='ocrx_word' id='word_1_23' title='bbox 1395 887 1461 963; x_wconf 82' lang='grc' dir='ltr'><em>ἑξη-</em></span> 
     </span>
    </p>

    <p class='ocr_par' dir='ltr' id='par_1_3' title="bbox 369 995 1462 1417">
     <span class='ocr_line' id='line_1_4' title="bbox 372 995 1462 1087; baseline 0.004 -28"><span class='ocrx_word' id='word_1_24' title='bbox 372 999 509 1084; x_wconf 88' lang='grc' dir='ltr'><em>γήσεσιν.</em></span> <span class='ocrx_word' id='word_1_25' title='bbox 530 998 556 1059; x_wconf 90' lang='grc'>0</span> <span class='ocrx_word' id='word_1_26' title='bbox 573 1020 632 1086; x_wconf 90' lang='grc' dir='ltr'><em>γαρ</em></span> <span class='ocrx_word' id='word_1_27' title='bbox 651 995 680 1059; x_wconf 83' lang='grc' dir='ltr'><em>ἐν</em></span> <span class='ocrx_word' id='word_1_28' title='bbox 700 1006 768 1070; x_wconf 86' lang='grc' dir='ltr'><em>ταῖς</em></span> <span class='ocrx_word' id='word_1_29' title='bbox 785 1005 918 1087; x_wconf 82' lang='grc' dir='ltr'><em>γραραῖς</em></span> <span class='ocrx_word' id='word_1_30' title='bbox 939 1000 1027 1074; x_wconf 83' lang='grc' dir='ltr'><em>νοῦς,</em></span> <span class='ocrx_word' id='word_1_31' title='bbox 1047 998 1146 1087; x_wconf 82' lang='grc' dir='ltr'><em>σατρής</em></span> <span class='ocrx_word' id='word_1_32' title='bbox 1164 997 1216 1084; x_wconf 87' lang='grc' dir='ltr'><em>μὲν</em></span> <span class='ocrx_word' id='word_1_33' title='bbox 1235 1003 1289 1082; x_wconf 86' lang='grc' dir='ltr'><em>ὥν,</em></span> <span class='ocrx_word' id='word_1_34' title='bbox 1308 998 1342 1062; x_wconf 80' lang='grc' dir='ltr'><em>οὐ</em></span> <span class='ocrx_word' id='word_1_35' title='bbox 1365 995 1462 1063; x_wconf 87' lang='grc' dir='ltr'><em>δεῖται</em></span> 
     </span>
     <span class='ocr_line' id='line_1_5' title="bbox 371 1103 1462 1196; baseline 0.004 -27"><span class='ocrx_word' id='word_1_36' title='bbox 371 1111 421 1169; x_wconf 82' lang='grc' dir='ltr'><em>τοῦ</em></span> <span class='ocrx_word' id='word_1_37' title='bbox 441 1105 570 1196; x_wconf 83' lang='grc' dir='ltr'><em>θύραθεν</em></span> <span class='ocrx_word' id='word_1_38' title='bbox 587 1111 655 1169; x_wconf 80' lang='grc' dir='ltr'><em>νοῦ·</em></span> <span class='ocrx_word' id='word_1_39' title='bbox 679 1107 800 1193; x_wconf 82' lang='grc' dir='ltr'><em>ἀσαφής</em></span> <span class='ocrx_word' id='word_1_40' title='bbox 817 1103 847 1171; x_wconf 80' lang='grc' dir='ltr'><em>δ’</em></span> <span class='ocrx_word' id='word_1_41' title='bbox 865 1105 965 1181; x_wconf 84' lang='grc' dir='ltr'><em>ἄλλως</em></span> <span class='ocrx_word' id='word_1_42' title='bbox 984 1106 1096 1182; x_wconf 84' lang='grc' dir='ltr'><em>πολλὰς</em></span> <span class='ocrx_word' id='word_1_43' title='bbox 1114 1109 1254 1196; x_wconf 88' lang='grc' dir='ltr'><em>προίσχει</em></span> <span class='ocrx_word' id='word_1_44' title='bbox 1275 1112 1326 1172; x_wconf 80' lang='grc' dir='ltr'><em>καὶ</em></span> <span class='ocrx_word' id='word_1_45' title='bbox 1347 1134 1462 1174; x_wconf 87' lang='grc' dir='ltr'><em>παντο-</em></span> 
     </span>
     <span class='ocr_line' id='line_1_6' title="bbox 369 1212 1460 1306; baseline 0.004 -27"><span class='ocrx_word' id='word_1_46' title='bbox 369 1212 473 1292; x_wconf 87' lang='grc' dir='ltr'><em>δαπὰς</em></span> <span class='ocrx_word' id='word_1_47' title='bbox 491 1218 547 1291; x_wconf 81' lang='grc' dir='ltr'><em>τὰς</em></span> <span class='ocrx_word' id='word_1_48' title='bbox 565 1215 696 1300; x_wconf 85' lang='grc' dir='ltr'><em>ἐννοίας,</em></span> <span class='ocrx_word' id='word_1_49' title='bbox 715 1220 768 1282; x_wconf 78' lang='grc' dir='ltr'><em>καὶ</em></span> <span class='ocrx_word' id='word_1_50' title='bbox 788 1215 915 1291; x_wconf 78' lang='grc' dir='ltr'><em>πολλοὺς</em></span> <span class='ocrx_word' id='word_1_51' title='bbox 933 1217 1146 1306; x_wconf 88' lang='grc' dir='ltr'><em>προςκαλεῖται</em></span> <span class='ocrx_word' id='word_1_52' title='bbox 1167 1218 1235 1292; x_wconf 86' lang='grc' dir='ltr'><em>τοὺς</em></span> <span class='ocrx_word' id='word_1_53' title='bbox 1254 1215 1359 1293; x_wconf 79' lang='grc' dir='ltr'><em>ἔξωθεν</em></span> <span class='ocrx_word' id='word_1_54' title='bbox 1375 1225 1460 1300; x_wconf 82' lang='grc' dir='ltr'><em>νοῦς,</em></span> 
     </span>
     <span class='ocr_line' id='line_1_7' title="bbox 372 1323 1221 1417; baseline 0 -27"><span class='ocrx_word' id='word_1_55' title='bbox 372 1325 424 1390; x_wconf 76' lang='grc' dir='ltr'><em>οὐκ</em></span> <span class='ocrx_word' id='word_1_56' title='bbox 441 1329 523 1414; x_wconf 88' lang='grc' dir='ltr'><em>ἔχων</em></span> <span class='ocrx_word' id='word_1_57' title='bbox 540 1329 654 1403; x_wconf 83' lang='grc' dir='ltr'><strong><em>τόσους,</em></strong></span> <span class='ocrx_word' id='word_1_58' title='bbox 667 1327 797 1411; x_wconf 82' lang='grc' dir='ltr'><em>ἐκεῖνος,</em></span> <span class='ocrx_word' id='word_1_59' title='bbox 818 1326 896 1391; x_wconf 80' lang='grc' dir='ltr'><em>ἀλλὰ</em></span> <span class='ocrx_word' id='word_1_60' title='bbox 913 1323 1076 1414; x_wconf 85' lang='grc' dir='ltr'><em>δεχόμενος</em></span> <span class='ocrx_word' id='word_1_61' title='bbox 1094 1327 1221 1417; x_wconf 78' lang='grc' dir='ltr'>εὐφυῶς.</span> 
     </span>
    </p>

    <p class='ocr_par' dir='ltr' id='par_1_4' title="bbox 371 1432 1462 1745">
     <span class='ocr_line' id='line_1_8' title="bbox 417 1432 1461 1528; baseline 0.003 -29"><span class='ocrx_word' id='word_1_62' title='bbox 417 1432 522 1511; x_wconf 82' lang='grc' dir='ltr'>Δεῖξον</span> <span class='ocrx_word' id='word_1_63' title='bbox 547 1440 643 1501; x_wconf 80' lang='grc' dir='ltr'>τοίνυν</span> <span class='ocrx_word' id='word_1_64' title='bbox 671 1439 704 1502; x_wconf 83' lang='grc' dir='ltr'><em>τὸ</em></span> <span class='ocrx_word' id='word_1_65' title='bbox 730 1437 865 1527; x_wconf 81' lang='grc' dir='ltr'><em>ασαρές,</em></span> <span class='ocrx_word' id='word_1_66' title='bbox 892 1440 1020 1512; x_wconf 81' lang='grc' dir='ltr'><em>καὶτὰς</em></span> <span class='ocrx_word' id='word_1_67' title='bbox 1044 1434 1199 1526; x_wconf 79' lang='grc' dir='ltr'><em>ἐξηγήσεις</em></span> <span class='ocrx_word' id='word_1_68' title='bbox 1217 1439 1391 1528; x_wconf 78' lang='grc' dir='ltr'><em>φιλοτιμοῦ,</em></span> <span class='ocrx_word' id='word_1_69' title='bbox 1410 1442 1461 1502; x_wconf 77' lang='grc' dir='ltr'><em>καὶ</em></span> 
     </span>
     <span class='ocr_line' id='line_1_9' title="bbox 371 1542 1462 1637; baseline 0.002 -26"><span class='ocrx_word' id='word_1_70' title='bbox 371 1545 483 1637; x_wconf 83' lang='grc' dir='ltr'><em>σύναγε</em></span> <span class='ocrx_word' id='word_1_71' title='bbox 500 1547 609 1637; x_wconf 85' lang='grc' dir='ltr'><em>λόγους</em></span> <span class='ocrx_word' id='word_1_72' title='bbox 625 1550 667 1634; x_wconf 80' lang='grc' dir='ltr'><em>μή</em></span> <span class='ocrx_word' id='word_1_73' title='bbox 685 1553 773 1624; x_wconf 84' lang='grc' dir='ltr'><em>ὄντας</em></span> <span class='ocrx_word' id='word_1_74' title='bbox 789 1550 871 1612; x_wconf 81' lang='grc' dir='ltr'><em>κατὰ</em></span> <span class='ocrx_word' id='word_1_75' title='bbox 887 1548 921 1611; x_wconf 81' lang='grc' dir='ltr'><em>τὸ</em></span> <span class='ocrx_word' id='word_1_76' title='bbox 941 1550 988 1612; x_wconf 81' lang='grc' dir='ltr'><em>σοὶ</em></span> <span class='ocrx_word' id='word_1_77' title='bbox 1008 1545 1167 1632; x_wconf 84' lang='grc' dir='ltr'><em>βουλητόν,</em></span> <span class='ocrx_word' id='word_1_78' title='bbox 1186 1551 1275 1635; x_wconf 83' lang='grc' dir='ltr'><em>μόνον</em></span> <span class='ocrx_word' id='word_1_79' title='bbox 1293 1549 1324 1625; x_wconf 83' lang='grc' dir='ltr'><em>ἐξ</em></span> <span class='ocrx_word' id='word_1_80' title='bbox 1342 1542 1382 1613; x_wconf 81' lang='grc' dir='ltr'><em>ὧν</em></span> <span class='ocrx_word' id='word_1_81' title='bbox 1398 1575 1462 1614; x_wconf 90' lang='grc' dir='ltr'><em>πα-</em></span> 
     </span>
     <span class='ocr_line' id='line_1_10' title="bbox 371 1655 764 1745; baseline 0 -25"><span class='ocrx_word' id='word_1_82' title='bbox 371 1655 470 1745; x_wconf 88' lang='grc' dir='ltr'><em>ρέχειν</em></span> <span class='ocrx_word' id='word_1_83' title='bbox 488 1660 551 1744; x_wconf 87' lang='grc' dir='ltr'><em>ἔχει</em></span> <span class='ocrx_word' id='word_1_84' title='bbox 568 1658 602 1721; x_wconf 85' lang='grc' dir='ltr'><em>τὸ</em></span> <span class='ocrx_word' id='word_1_85' title='bbox 618 1660 764 1745; x_wconf 85' lang='grc' dir='ltr'><em>κείμενον.</em></span> 
     </span>
    </p>

    <p class='ocr_par' dir='ltr' id='par_1_5' title="bbox 369 1763 1464 2193">
     <span class='ocr_line' id='line_1_11' title="bbox 419 1763 1463 1860; baseline 0.004 -31"><span class='ocrx_word' id='word_1_86' title='bbox 419 1766 476 1830; x_wconf 85' lang='grc' dir='ltr'><em>Τὸν</em></span> <span class='ocrx_word' id='word_1_87' title='bbox 497 1763 528 1842; x_wconf 84' lang='grc' dir='ltr'><em>ἐξ</em></span> <span class='ocrx_word' id='word_1_88' title='bbox 549 1766 672 1859; x_wconf 80' lang='grc' dir='ltr'><em>ἑταίρας</em></span> <span class='ocrx_word' id='word_1_89' title='bbox 693 1769 735 1854; x_wconf 81' lang='grc' dir='ltr'><em>μή</em></span> <span class='ocrx_word' id='word_1_90' title='bbox 758 1767 853 1858; x_wconf 83' lang='grc' dir='ltr'><em>λέγειν</em></span> <span class='ocrx_word' id='word_1_91' title='bbox 871 1769 886 1832; x_wconf 85' lang='grc' dir='ltr'>ὁ</span> <span class='ocrx_word' id='word_1_92' title='bbox 905 1770 995 1855; x_wconf 88' lang='grc' dir='ltr'><em>νόμος</em></span> <span class='ocrx_word' id='word_1_93' title='bbox 1010 1771 1209 1860; x_wconf 77' lang='grc' dir='ltr'><em>προςτοίσσει,</em></span> <span class='ocrx_word' id='word_1_94' title='bbox 1232 1771 1284 1834; x_wconf 82' lang='grc' dir='ltr'><em>καὶ</em></span> <span class='ocrx_word' id='word_1_95' title='bbox 1304 1769 1341 1833; x_wconf 80' lang='grc' dir='ltr'><em>σὺ</em></span> <span class='ocrx_word' id='word_1_96' title='bbox 1362 1771 1410 1833; x_wconf 84' lang='grc' dir='ltr'><em>τὸν</em></span> <span class='ocrx_word' id='word_1_97' title='bbox 1431 1771 1463 1833; x_wconf 83' lang='grc' dir='ltr'><em>ἐκ</em></span> 
     </span>
     <span class='ocr_line' id='line_1_12' title="bbox 369 1877 1464 1970; baseline 0.002 -29"><span class='ocrx_word' id='word_1_98' title='bbox 369 1877 479 1970; x_wconf 85' lang='grc' dir='ltr'><em>πόρνου</em></span> <span class='ocrx_word' id='word_1_99' title='bbox 504 1877 614 1969; x_wconf 86' lang='grc' dir='ltr'><em>λέγεις.</em></span> <span class='ocrx_word' id='word_1_100' title='bbox 641 1881 734 1943; x_wconf 84' lang='grc' dir='ltr'>Πόθεν</span> <span class='ocrx_word' id='word_1_101' title='bbox 759 1880 899 1970; x_wconf 80' lang='grc' dir='ltr'><em>ὁρμηθεὶς</em></span> <span class='ocrx_word' id='word_1_102' title='bbox 925 1884 966 1954; x_wconf 85' lang='grc' dir='ltr'><em>εἰς</em></span> <span class='ocrx_word' id='word_1_103' title='bbox 990 1886 1095 1950; x_wconf 74' lang='grc' dir='ltr'><em>τοῦτος</em></span> <span class='ocrx_word' id='word_1_104' title='bbox 1122 1883 1175 1945; x_wconf 78' lang='grc' dir='ltr'><em>καί</em></span> <span class='ocrx_word' id='word_1_105' title='bbox 1198 1883 1225 1944; x_wconf 84' lang='grc' dir='ltr'><em>τὶ</em></span> <span class='ocrx_word' id='word_1_106' title='bbox 1249 1889 1307 1944; x_wconf 79' lang='grc' dir='ltr'><em>τῶν</em></span> <span class='ocrx_word' id='word_1_107' title='bbox 1324 1881 1464 1968; x_wconf 79' lang='grc' dir='ltr'><em>κειμένων</em></span> 
     </span>
     <span class='ocr_line' id='line_1_13' title="bbox 372 1972 1463 2081; baseline 0.002 -28"><span class='ocrx_word' id='word_1_108' title='bbox 372 1989 499 2081; x_wconf 84' lang='grc' dir='ltr'><em>παρέχει</em></span> <span class='ocrx_word' id='word_1_109' title='bbox 517 2013 567 2055; x_wconf 86' lang='grc' dir='ltr'><em>σοι</em></span> <span class='ocrx_word' id='word_1_110' title='bbox 584 1990 696 2062; x_wconf 83' lang='grc' dir='ltr'><em>ταύτην</em></span> <span class='ocrx_word' id='word_1_111' title='bbox 717 1991 769 2061; x_wconf 82' lang='grc' dir='ltr'><em>τήν</em></span> <span class='ocrx_word' id='word_1_112' title='bbox 792 1993 923 2068; x_wconf 87' lang='grc' dir='ltr'><em>έννοιαν;</em></span> <span class='ocrx_word' id='word_1_113' title='bbox 948 1972 1080 2066; x_wconf 74' lang='grc' dir='ltr'><em>Εξέταζε</em></span> <span class='ocrx_word' id='word_1_114' title='bbox 1096 1992 1149 2060; x_wconf 83' lang='grc' dir='ltr'><em>τήν</em></span> <span class='ocrx_word' id='word_1_115' title='bbox 1165 1993 1284 2080; x_wconf 84' lang='grc' dir='ltr'><em>γνώμην</em></span> <span class='ocrx_word' id='word_1_116' title='bbox 1301 1997 1353 2054; x_wconf 81' lang='grc' dir='ltr'><em>τοῦ</em></span> <span class='ocrx_word' id='word_1_117' title='bbox 1370 2016 1463 2078; x_wconf 94' lang='grc' dir='ltr'><em>νομο-</em></span> 
     </span>
     <span class='ocr_line' id='line_1_14' title="bbox 373 2096 1364 2274; baseline 0.001 -111"><span class='ocrx_word' id='word_1_118' title='bbox 373 2099 476 2183; x_wconf 89' lang='grc' dir='ltr'><em>θέτου,</em></span> <span class='ocrx_word' id='word_1_119' title='bbox 496 2102 620 2171; x_wconf 83' lang='grc' dir='ltr'><em>κάκείνη</em></span> <span class='ocrx_word' id='word_1_120' title='bbox 639 2096 807 2274; x_wconf 66' lang='grc' dir='ltr'><em>ποδθηγήσει</em></span> <span class='ocrx_word' id='word_1_121' title='bbox 826 2124 897 2164; x_wconf 90' lang='grc' dir='ltr'><em>σεπ</em></span> <span class='ocrx_word' id='word_1_122' title='bbox 875 2101 949 2191; x_wconf 83' lang='grc' dir='ltr'><em>πρὸς</em></span> <span class='ocrx_word' id='word_1_123' title='bbox 965 2102 1018 2170; x_wconf 83' lang='grc' dir='ltr'><em>τήν</em></span> <span class='ocrx_word' id='word_1_124' title='bbox 1035 2097 1175 2190; x_wconf 79' lang='grc' dir='ltr'><em>ἐξήγησιν</em></span> <span class='ocrx_word' id='word_1_125' title='bbox 1191 2126 1243 2165; x_wconf 88' lang='grc' dir='ltr'><em>του</em></span> <span class='ocrx_word' id='word_1_126' title='bbox 1260 2104 1364 2193; x_wconf 75' lang='grc' dir='ltr'><em>ῥητοῦ.</em></span> 
     </span>
    </p>

    <p class='ocr_par' dir='ltr' id='par_1_6' title="bbox 372 2191 1467 3295">
     <span class='ocr_line' id='line_1_15' title="bbox 419 2191 1460 2342; baseline 0.002 -67"><span class='ocrx_word' id='word_1_127' title='bbox 419 2191 590 2275; x_wconf 73' lang='grc' dir='ltr'><em>Ᾰπεῖδεν</em></span> <span class='ocrx_word' id='word_1_128' title='bbox 577 2236 593 2274; x_wconf 95' lang='grc' dir='ltr'><em>ο</em></span> <span class='ocrx_word' id='word_1_129' title='bbox 616 2213 707 2296; x_wconf 94' lang='grc' dir='ltr'><em>νομοθ</em></span> <span class='ocrx_word' id='word_1_130' title='bbox 710 2206 793 2285; x_wconf 72' lang='grc' dir='ltr'><em>ε’της3</em></span> <span class='ocrx_word' id='word_1_131' title='bbox 815 2213 867 2275; x_wconf 86' lang='grc' dir='ltr'><em>καί</em></span> <span class='ocrx_word' id='word_1_132' title='bbox 895 2211 972 2317; x_wconf 85' lang='grc' dir='ltr'><em>πρὸς</em></span> <span class='ocrx_word' id='word_1_133' title='bbox 989 2213 1045 2285; x_wconf 80' lang='grc' dir='ltr'><em>τὰς</em></span> <span class='ocrx_word' id='word_1_134' title='bbox 1068 2220 1127 2275; x_wconf 82' lang='grc' dir='ltr'><em>τῶν</em></span> <span class='ocrx_word' id='word_1_135' title='bbox 1150 2214 1204 2276; x_wconf 80' lang='grc' dir='ltr'><em>ἀνθ</em></span> <span class='ocrx_word' id='word_1_136' title='bbox 1206 2213 1311 2342; x_wconf 85' lang='grc' dir='ltr'><em>ρώπων</em></span> <span class='ocrx_word' id='word_1_137' title='bbox 1338 2216 1460 2303; x_wconf 83' lang='grc' dir='ltr'><em>τροροίς</em></span> 
     </span>
     <span class='ocr_line' id='line_1_16' title="bbox 372 2299 1464 2451; baseline -0.002 -65"><span class='ocrx_word' id='word_1_138' title='bbox 372 2325 505 2386; x_wconf 88' lang='grc' dir='ltr'><em>Ηκουσεν</em></span> <span class='ocrx_word' id='word_1_139' title='bbox 534 2316 699 2451; x_wconf 82' lang='grc' dir='ltr'><em>Εὐριπίδου</em></span> <span class='ocrx_word' id='word_1_140' title='bbox 723 2317 893 2411; x_wconf 46' lang='grc' dir='ltr'><em>λέγοντοςί·</em></span> <span class='ocrx_word' id='word_1_141' title='bbox 921 2345 936 2377; x_wconf 92' lang='lat'>«</span> <span class='ocrx_word' id='word_1_142' title='bbox 953 2299 1028 2409; x_wconf 65' lang='grc' dir='ltr'><em>λέχει</em></span> <span class='ocrx_word' id='word_1_143' title='bbox 1051 2321 1103 2407; x_wconf 88' lang='grc' dir='ltr'><em>μέν</em></span> <span class='ocrx_word' id='word_1_144' title='bbox 1125 2347 1153 2385; x_wconf 90' lang='grc' dir='ltr'><em>τι</em></span> <span class='ocrx_word' id='word_1_145' title='bbox 1180 2325 1231 2385; x_wconf 85' lang='grc' dir='ltr'><em>καὶ</em></span> <span class='ocrx_word' id='word_1_146' title='bbox 1258 2323 1291 2385; x_wconf 83' lang='grc' dir='ltr'><em>τὸ</em></span> <span class='ocrx_word' id='word_1_147' title='bbox 1318 2332 1464 2412; x_wconf 76' lang='grc' dir='ltr'><em>τραφῆναι</em></span> 
     </span>
     <span class='ocr_line' id='line_1_17' title="bbox 373 2429 1465 2522; baseline -0.001 -27"><span class='ocrx_word' id='word_1_148' title='bbox 373 2430 473 2506; x_wconf 84' lang='grc' dir='ltr'><em>καλῶς</em></span> <span class='ocrx_word' id='word_1_149' title='bbox 489 2454 521 2494; x_wconf 83' lang='grc' dir='ltr'><em>ν.</em></span> <span class='ocrx_word' id='word_1_150' title='bbox 546 2430 591 2495; x_wconf 89' lang='grc' dir='ltr'><em>Ου</em></span> <span class='ocrx_word' id='word_1_151' title='bbox 615 2431 674 2522; x_wconf 88' lang='grc' dir='ltr'><em>γὰρ</em></span> <span class='ocrx_word' id='word_1_152' title='bbox 699 2431 829 2495; x_wconf 73' lang='grc' dir='ltr'><em>έστιν“</em></span> <span class='ocrx_word' id='word_1_153' title='bbox 803 2453 884 2495; x_wconf 90' lang='grc' dir='ltr'><em>απαν</em></span> <span class='ocrx_word' id='word_1_154' title='bbox 909 2430 942 2494; x_wconf 88' lang='grc' dir='ltr'><em>ἐκ</em></span> <span class='ocrx_word' id='word_1_155' title='bbox 965 2429 1139 2520; x_wconf 82' lang='grc' dir='ltr'><em>ρυσεως·α</em></span> <span class='ocrx_word' id='word_1_156' title='bbox 1119 2429 1250 2494; x_wconf 75' lang='grc' dir='ltr'><em>ἀλλὰ</em></span> <span class='ocrx_word' id='word_1_157' title='bbox 1214 2453 1300 2519; x_wconf 85' lang='grc' dir='ltr'><em>ρυοις</em></span> <span class='ocrx_word' id='word_1_158' title='bbox 1317 2430 1369 2515; x_wconf 87' lang='grc' dir='ltr'><em>μέν</em></span> <span class='ocrx_word' id='word_1_159' title='bbox 1388 2455 1465 2505; x_wconf 81' lang='grc' dir='ltr'><em>τινος</em></span> 
     </span>
     <span class='ocr_line' id='line_1_18' title="bbox 375 2533 1463 2630; baseline -0.004 -24"><span class='ocrx_word' id='word_1_160' title='bbox 375 2537 528 2606; x_wconf 82' lang='grc' dir='ltr'><em>ὑπόκειται</em></span> <span class='ocrx_word' id='word_1_161' title='bbox 542 2536 685 2616; x_wconf 82' lang='grc' dir='ltr'><em>δεκτική,</em></span> <span class='ocrx_word' id='word_1_162' title='bbox 705 2541 745 2615; x_wconf 86' lang='grc' dir='ltr'><em>ὡς</em></span> <span class='ocrx_word' id='word_1_163' title='bbox 759 2537 814 2611; x_wconf 80' lang='grc' dir='ltr'><em>θλη</em></span> <span class='ocrx_word' id='word_1_164' title='bbox 825 2565 871 2616; x_wconf 92' lang='grc' dir='ltr'><em>τις</em></span> <span class='ocrx_word' id='word_1_165' title='bbox 886 2533 983 2624; x_wconf 78' lang='grc' dir='ltr'><em>οὖσα,</em></span> <span class='ocrx_word' id='word_1_166' title='bbox 1000 2542 1052 2604; x_wconf 84' lang='grc' dir='ltr'><em>καὶ</em></span> <span class='ocrx_word' id='word_1_167' title='bbox 1069 2536 1218 2626; x_wconf 92' lang='grc' dir='ltr'><em>δυναμένη</em></span> <span class='ocrx_word' id='word_1_168' title='bbox 1235 2540 1308 2630; x_wconf 85' lang='grc' dir='ltr'><em>πρὸς</em></span> <span class='ocrx_word' id='word_1_169' title='bbox 1324 2539 1394 2629; x_wconf 86' lang='grc' dir='ltr'><em>ὅπερ</em></span> <span class='ocrx_word' id='word_1_170' title='bbox 1412 2543 1463 2604; x_wconf 83' lang='grc' dir='ltr'><em>καί</em></span> 
     </span>
     <span class='ocr_line' id='line_1_19' title="bbox 374 2646 1465 2743; baseline -0.002 -28"><span class='ocrx_word' id='word_1_171' title='bbox 374 2647 547 2724; x_wconf 88' lang='grc' dir='ltr'><em>παιδευθείη</em></span> <span class='ocrx_word' id='word_1_172' title='bbox 567 2653 620 2722; x_wconf 80' lang='grc' dir='ltr'><em>τήν</em></span> <span class='ocrx_word' id='word_1_173' title='bbox 642 2646 860 2722; x_wconf 52' lang='grc' dir='ltr'><em>εἰδοποίησινὸ·</em></span> <span class='ocrx_word' id='word_1_174' title='bbox 887 2654 906 2722; x_wconf 89' lang='grc' dir='ltr'><em>ή</em></span> <span class='ocrx_word' id='word_1_175' title='bbox 929 2648 962 2716; x_wconf 86' lang='grc' dir='ltr'><em>δὲ</em></span> <span class='ocrx_word' id='word_1_176' title='bbox 984 2652 1119 2722; x_wconf 85' lang='grc' dir='ltr'><em>νηπιόθεν</em></span> <span class='ocrx_word' id='word_1_177' title='bbox 1136 2651 1228 2743; x_wconf 76' lang='grc' dir='ltr'><em>τροφή</em></span> <span class='ocrx_word' id='word_1_178' title='bbox 1247 2652 1298 2714; x_wconf 84' lang='grc' dir='ltr'><em>καὶ</em></span> <span class='ocrx_word' id='word_1_179' title='bbox 1320 2652 1465 2741; x_wconf 74' lang='grc' dir='ltr'><em>ἀναγωγὴ</em></span> 
     </span>
     <span class='ocr_line' id='line_1_20' title="bbox 374 2745 1465 2854; baseline -0.003 -28"><span class='ocrx_word' id='word_1_180' title='bbox 374 2763 405 2827; x_wconf 82' lang='grc' dir='ltr'><em>τὸ</em></span> <span class='ocrx_word' id='word_1_181' title='bbox 429 2758 512 2838; x_wconf 82' lang='grc' dir='ltr'><em>εἶδος</em></span> <span class='ocrx_word' id='word_1_182' title='bbox 536 2761 619 2843; x_wconf 84' lang='grc' dir='ltr'><em>ἐστί,</em></span> <span class='ocrx_word' id='word_1_183' title='bbox 645 2761 715 2827; x_wconf 83' lang='grc' dir='ltr'><em>καθ’</em></span> <span class='ocrx_word' id='word_1_184' title='bbox 741 2761 811 2851; x_wconf 86' lang='grc' dir='ltr'><em>ὅπερ</em></span> <span class='ocrx_word' id='word_1_185' title='bbox 833 2765 884 2826; x_wconf 83' lang='grc' dir='ltr'><em>καί</em></span> <span class='ocrx_word' id='word_1_186' title='bbox 910 2761 1090 2854; x_wconf 82' lang='grc' dir='ltr'><em>ἐνεργήσειε.</em></span> <span class='ocrx_word' id='word_1_187' title='bbox 1104 2745 1190 2825; x_wconf 90' lang='grc' dir='ltr'><em>ΙΤίνα</em></span> <span class='ocrx_word' id='word_1_188' title='bbox 1212 2762 1310 2824; x_wconf 83' lang='grc' dir='ltr'>τοίνυν</span> <span class='ocrx_word' id='word_1_189' title='bbox 1333 2757 1390 2835; x_wconf 81' lang='grc' dir='ltr'><em>ἕξει</em></span> <span class='ocrx_word' id='word_1_190' title='bbox 1412 2764 1465 2830; x_wconf 78' lang='grc' dir='ltr'><em>τήν</em></span> 
     </span>
     <span class='ocr_line' id='line_1_21' title="bbox 374 2871 1465 2964; baseline 0.005 -29"><span class='ocrx_word' id='word_1_191' title='bbox 374 2874 481 2963; x_wconf 73' lang='grc' dir='ltr'><em>τροφὴν</em></span> <span class='ocrx_word' id='word_1_192' title='bbox 503 2874 518 2937; x_wconf 83' lang='grc' dir='ltr'><em>ὃ</em></span> <span class='ocrx_word' id='word_1_193' title='bbox 540 2873 573 2938; x_wconf 81' lang='grc' dir='ltr'><em>ἐκ</em></span> <span class='ocrx_word' id='word_1_194' title='bbox 592 2875 718 2964; x_wconf 71' lang='grc' dir='ltr'><em>πόρνης,</em></span> <span class='ocrx_word' id='word_1_195' title='bbox 742 2875 820 2937; x_wconf 86' lang='grc' dir='ltr'><em>τίσιν</em></span> <span class='ocrx_word' id='word_1_196' title='bbox 841 2876 956 2964; x_wconf 81' lang='grc' dir='ltr'><em>ἀρχαῖς</em></span> <span class='ocrx_word' id='word_1_197' title='bbox 977 2876 1028 2938; x_wconf 81' lang='grc' dir='ltr'><em>καὶ</em></span> <span class='ocrx_word' id='word_1_198' title='bbox 1050 2875 1184 2943; x_wconf 83' lang='grc' dir='ltr'><em>κινήσεσι</em></span> <span class='ocrx_word' id='word_1_199' title='bbox 1201 2873 1235 2936; x_wconf 81' lang='grc' dir='ltr'><em>τὸ</em></span> <span class='ocrx_word' id='word_1_200' title='bbox 1252 2871 1345 2936; x_wconf 79' lang='grc' dir='ltr'><em>καλὸν</em></span> <span class='ocrx_word' id='word_1_201' title='bbox 1362 2875 1465 2958; x_wconf 78' lang='grc' dir='ltr'><em>μαθή-</em></span> 
     </span>
     <span class='ocr_line' id='line_1_22' title="bbox 376 2979 1467 3074; baseline -0.003 -27"><span class='ocrx_word' id='word_1_202' title='bbox 376 3007 479 3062; x_wconf 89' lang='grc' dir='ltr'><em>σεται;</em></span> <span class='ocrx_word' id='word_1_203' title='bbox 501 2984 535 3049; x_wconf 82' lang='grc' dir='ltr'><em>ἐκ</em></span> <span class='ocrx_word' id='word_1_204' title='bbox 551 2985 682 3074; x_wconf 84' lang='grc' dir='ltr'><em>πατρός;</em></span> <span class='ocrx_word' id='word_1_205' title='bbox 703 2982 770 3048; x_wconf 79' lang='grc' dir='ltr'><em>ἀλλ’</em></span> <span class='ocrx_word' id='word_1_206' title='bbox 789 2982 842 3046; x_wconf 85' lang='grc' dir='ltr'><em>ουκ</em></span> <span class='ocrx_word' id='word_1_207' title='bbox 861 2986 942 3065; x_wconf 83' lang='grc' dir='ltr'><em>ἔστι,</em></span> <span class='ocrx_word' id='word_1_208' title='bbox 966 2985 1018 3047; x_wconf 82' lang='grc' dir='ltr'><em>καὶ</em></span> <span class='ocrx_word' id='word_1_209' title='bbox 1039 2987 1155 3059; x_wconf 81' lang='grc' dir='ltr'><em>πάντας</em></span> <span class='ocrx_word' id='word_1_210' title='bbox 1173 2979 1230 3058; x_wconf 82' lang='grc' dir='ltr'><em>ἕξει</em></span> <span class='ocrx_word' id='word_1_211' title='bbox 1247 2981 1381 3072; x_wconf 87' lang='grc' dir='ltr'><em>πατέρας</em></span> <span class='ocrx_word' id='word_1_212' title='bbox 1397 2982 1467 3057; x_wconf 81' lang='grc' dir='ltr'><em>τοὺς</em></span> 
     </span>
     <span class='ocr_line' id='line_1_23' title="bbox 374 3090 1466 3186; baseline -0.003 -29"><span class='ocrx_word' id='word_1_213' title='bbox 374 3092 535 3184; x_wconf 73' lang='grc' dir='ltr'><em>τῂἑταίρᾳ</em></span> <span class='ocrx_word' id='word_1_214' title='bbox 548 3092 800 3186; x_wconf 88' lang='grc' dir='ltr'><em>συνερχομένους,</em></span> <span class='ocrx_word' id='word_1_215' title='bbox 819 3093 838 3163; x_wconf 77' lang='grc' dir='ltr'>ἢ</span> <span class='ocrx_word' id='word_1_216' title='bbox 856 3093 1028 3183; x_wconf 81' lang='grc' dir='ltr'><em>ὡρισμένως</em></span> <span class='ocrx_word' id='word_1_217' title='bbox 1044 3090 1095 3157; x_wconf 85' lang='grc' dir='ltr'><em>ἕνα</em></span> <span class='ocrx_word' id='word_1_218' title='bbox 1111 3095 1192 3157; x_wconf 86' lang='grc' dir='ltr'><em>τινοί.</em></span> <span class='ocrx_word' id='word_1_219' title='bbox 1210 3094 1287 3156; x_wconf 80' lang='grc' dir='ltr'><em>Οὔτε</em></span> <span class='ocrx_word' id='word_1_220' title='bbox 1305 3097 1376 3181; x_wconf 79' lang='grc' dir='ltr'><em>γοῦν</em></span> <span class='ocrx_word' id='word_1_221' title='bbox 1393 3093 1408 3155; x_wconf 85' lang='grc' dir='ltr'>ὁ</span> <span class='ocrx_word' id='word_1_222' title='bbox 1425 3094 1466 3179; x_wconf 77' lang='grc' dir='ltr'><em>μή</em></span> 
     </span>
     <span class='ocr_line' id='line_1_24' title="bbox 375 3197 1466 3295; baseline 0.001 -28"><span class='ocrx_word' id='word_1_223' title='bbox 375 3197 465 3279; x_wconf 84' lang='grc' dir='ltr'><em>δόξας</em></span> <span class='ocrx_word' id='word_1_224' title='bbox 477 3205 582 3295; x_wconf 80' lang='grc' dir='ltr'><em>πατὴρ</em></span> <span class='ocrx_word' id='word_1_225' title='bbox 598 3199 775 3287; x_wconf 80' lang='grc' dir='ltr'><em>παιδεύσει,</em></span> <span class='ocrx_word' id='word_1_226' title='bbox 796 3205 848 3268; x_wconf 83' lang='grc' dir='ltr'><em>καὶ</em></span> <span class='ocrx_word' id='word_1_227' title='bbox 867 3203 882 3267; x_wconf 83' lang='grc' dir='ltr'><strong>ὁ</strong></span> <span class='ocrx_word' id='word_1_228' title='bbox 900 3199 992 3280; x_wconf 83' lang='grc' dir='ltr'><em>δόξας</em></span> <span class='ocrx_word' id='word_1_229' title='bbox 1009 3207 1246 3295; x_wconf 76' lang='grc' dir='ltr'><em>καταφρονήσει,</em></span> <span class='ocrx_word' id='word_1_230' title='bbox 1268 3205 1309 3277; x_wconf 88' lang='grc' dir='ltr'><em>ὡς</em></span> <span class='ocrx_word' id='word_1_231' title='bbox 1326 3199 1357 3277; x_wconf 84' lang='grc' dir='ltr'><em>ἐξ</em></span> <span class='ocrx_word' id='word_1_232' title='bbox 1373 3203 1466 3268; x_wconf 77' lang='grc' dir='ltr'><em>ἄλλου</em></span> 
     </span>
    </p>
   </div>
   <div class='ocr_carea' id='block_1_3' title="bbox 374 3296 1463 3406">
    <p class='ocr_par' dir='ltr' id='par_1_7' title="bbox 374 3296 1463 3406">
     <span class='ocr_line' id='line_1_25' title="bbox 374 3296 1463 3406; baseline -0.001 -29"><span class='ocrx_word' id='word_1_233' title='bbox 374 3322 440 3389; x_wconf 81' lang='grc' dir='ltr'><em>ταῖς</em></span> <span class='ocrx_word' id='word_1_234' title='bbox 462 3313 619 3389; x_wconf 83' lang='grc' dir='ltr'><em>ἀληθείαις</em></span> <span class='ocrx_word' id='word_1_235' title='bbox 645 3317 697 3378; x_wconf 85' lang='grc' dir='ltr'><em>καὶ</em></span> <span class='ocrx_word' id='word_1_236' title='bbox 723 3315 765 3402; x_wconf 78' lang='grc' dir='ltr'><em>μή</em></span> <span class='ocrx_word' id='word_1_237' title='bbox 792 3311 822 3389; x_wconf 81' lang='grc' dir='ltr'><em>ἐξ</em></span> <span class='ocrx_word' id='word_1_238' title='bbox 846 3313 954 3379; x_wconf 82' lang='grc' dir='ltr'><em>ἑαυτοῦ</em></span> <span class='ocrx_word' id='word_1_239' title='bbox 981 3317 1152 3406; x_wconf 84' lang='grc' dir='ltr'><em>γεγονότος.</em></span> <span class='ocrx_word' id='word_1_240' title='bbox 1180 3296 1252 3378; x_wconf 68' lang='lat' dir='ltr'>A&#39;ii’</span> <span class='ocrx_word' id='word_1_241' title='bbox 1279 3313 1312 3377; x_wconf 81' lang='grc' dir='ltr'><em>ἐκ</em></span> <span class='ocrx_word' id='word_1_242' title='bbox 1336 3316 1463 3404; x_wconf 77' lang='grc' dir='ltr'><em>μητρές;</em></span> 
     </span>
    </p>
   </div>
   <div class='ocr_carea' id='block_1_4' title="bbox 375 3419 1467 3732">
    <p class='ocr_par' dir='ltr' id='par_1_8' title="bbox 375 3419 1467 3732">
     <span class='ocr_line' id='line_1_26' title="bbox 376 3419 1467 3515; baseline -0.001 -28"><span class='ocrx_word' id='word_1_243' title='bbox 376 3420 465 3499; x_wconf 83' lang='grc' dir='ltr'><em>ἀξίως</em></span> <span class='ocrx_word' id='word_1_244' title='bbox 491 3430 554 3515; x_wconf 82' lang='grc' dir='ltr'><em>ἄρα</em></span> <span class='ocrx_word' id='word_1_245' title='bbox 578 3427 629 3489; x_wconf 82' lang='grc' dir='ltr'><em>καί</em></span> <span class='ocrx_word' id='word_1_246' title='bbox 654 3427 877 3513; x_wconf 77' lang='grc' dir='ltr'><em>ἀναχθήσεται.</em></span> <span class='ocrx_word' id='word_1_247' title='bbox 898 3431 965 3499; x_wconf 83' lang='grc' dir='ltr'><em>Πῶς</em></span> <span class='ocrx_word' id='word_1_248' title='bbox 981 3427 1041 3514; x_wconf 77' lang='grc' dir='ltr'><em>γὰρ</em></span> <span class='ocrx_word' id='word_1_249' title='bbox 1059 3426 1144 3513; x_wconf 84' lang='grc' dir='ltr'><em>παρὰ</em></span> <span class='ocrx_word' id='word_1_250' title='bbox 1161 3432 1214 3498; x_wconf 78' lang='grc' dir='ltr'><em>τῆς</em></span> <span class='ocrx_word' id='word_1_251' title='bbox 1232 3419 1317 3486; x_wconf 78' lang='grc' dir='ltr'><em>οὐδέν</em></span> <span class='ocrx_word' id='word_1_252' title='bbox 1336 3421 1467 3509; x_wconf 81' lang='grc' dir='ltr'><em>ἐχούσης</em></span> 
     </span>
     <span class='ocr_line' id='line_1_27' title="bbox 375 3528 1465 3622; baseline -0.001 -25"><span class='ocrx_word' id='word_1_253' title='bbox 375 3539 457 3620; x_wconf 87' lang='grc' dir='ltr'><em>ίχνος</em></span> <span class='ocrx_word' id='word_1_254' title='bbox 484 3530 691 3620; x_wconf 77' lang='grc' dir='ltr'><em>παιδεύσεως,</em></span> <span class='ocrx_word' id='word_1_255' title='bbox 724 3534 790 3599; x_wconf 80' lang='grc' dir='ltr'><em>ἀλλ’</em></span> <span class='ocrx_word' id='word_1_256' title='bbox 820 3535 891 3610; x_wconf 84' lang='grc' dir='ltr'><em>ὅλης</em></span> <span class='ocrx_word' id='word_1_257' title='bbox 919 3531 1115 3622; x_wconf 82' lang='grc' dir='ltr'><em>ἐκδεδομένης</em></span> <span class='ocrx_word' id='word_1_258' title='bbox 1146 3542 1213 3608; x_wconf 85' lang='grc' dir='ltr'><em>ταῖς</em></span> <span class='ocrx_word' id='word_1_259' title='bbox 1241 3528 1384 3616; x_wconf 78' lang='grc' dir='ltr'><em>ἡδοναῖς,</em></span> <span class='ocrx_word' id='word_1_260' title='bbox 1413 3536 1465 3596; x_wconf 81' lang='grc' dir='ltr'><em>καὶ</em></span> 
     </span>
     <span class='ocr_line' id='line_1_28' title="bbox 375 3642 1466 3732; baseline -0.003 -22"><span class='ocrx_word' id='word_1_261' title='bbox 375 3644 488 3729; x_wconf 84' lang='grc' dir='ltr'><em>μᾶλλον</em></span> <span class='ocrx_word' id='word_1_262' title='bbox 504 3643 678 3720; x_wconf 78' lang='grc' dir='ltr'><em>ἀπολλύσης</em></span> <span class='ocrx_word' id='word_1_263' title='bbox 694 3647 745 3709; x_wconf 81' lang='grc' dir='ltr'><em>καὶ</em></span> <span class='ocrx_word' id='word_1_264' title='bbox 766 3644 834 3720; x_wconf 78' lang='grc' dir='ltr'><em>τοὺς</em></span> <span class='ocrx_word' id='word_1_265' title='bbox 856 3643 933 3732; x_wconf 71' lang='grc' dir='ltr'><em>αὐτῇ</em></span> <span class='ocrx_word' id='word_1_266' title='bbox 949 3644 1191 3720; x_wconf 81' lang='grc' dir='ltr'><em>πλησιάζοντας;</em></span> <span class='ocrx_word' id='word_1_267' title='bbox 1210 3642 1312 3717; x_wconf 85' lang='grc' dir='ltr'><em>καλῶς</em></span> <span class='ocrx_word' id='word_1_268' title='bbox 1329 3642 1366 3706; x_wconf 84' lang='grc' dir='ltr'><em>διν</em></span> <span class='ocrx_word' id='word_1_269' title='bbox 1384 3645 1466 3707; x_wconf 82' lang='grc' dir='ltr'><em>ἀνα·</em></span> 
     </span>
    </p>
   </div>
   <div class='ocr_carea' id='block_1_5' title="bbox 377 3901 1468 4520">
    <p class='ocr_par' dir='ltr' id='par_1_9' title="bbox 377 3901 1468 4520">
     <span class='ocr_line' id='line_1_29' title="bbox 409 3901 1466 3971; baseline -0.007 -17"><span class='ocrx_word' id='word_1_270' title='bbox 409 3905 510 3965; x_wconf 83' lang='lat' dir='ltr'><strong>‘Cod.,</strong></span> <span class='ocrx_word' id='word_1_271' title='bbox 528 3907 637 3962; x_wconf 81' lang='grc' dir='ltr'><em>δυςωπεῖ.</em></span> <span class='ocrx_word' id='word_1_272' title='bbox 660 3902 774 3952; x_wconf 81' lang='lat' dir='ltr'><strong>Fortasse</strong></span> <span class='ocrx_word' id='word_1_273' title='bbox 801 3903 905 3971; x_wconf 73' lang='grc' dir='ltr'><em>δνςοιπῇ·</em></span> <span class='ocrx_word' id='word_1_274' title='bbox 935 3901 1118 3965; x_wconf 81' lang='grc' dir='ltr'><em>αἰνιγματῶδες,</em></span> <span class='ocrx_word' id='word_1_275' title='bbox 1138 3905 1152 3958; x_wconf 79' lang='grc' dir='ltr'><em>ἢ</em></span> <span class='ocrx_word' id='word_1_276' title='bbox 1169 3905 1289 3966; x_wconf 82' lang='grc' dir='ltr'><em>συμπλοκὴ</em></span> <span class='ocrx_word' id='word_1_277' title='bbox 1306 3904 1466 3963; x_wconf 79' lang='grc' dir='ltr'><em>συλλογισμοῦ.</em></span> 
     </span>
     <span class='ocr_line' id='line_1_30' title="bbox 379 3980 1140 4047; baseline -0.004 -16"><span class='ocrx_word' id='word_1_278' title='bbox 379 3998 447 4032; x_wconf 75' lang='grc' dir='ltr'><em>«που</em></span> <span class='ocrx_word' id='word_1_279' title='bbox 465 3983 546 4047; x_wconf 81' lang='lat' dir='ltr'>ipsum</span> <span class='ocrx_word' id='word_1_280' title='bbox 564 3982 682 4032; x_wconf 79' lang='lat' dir='ltr'>revereris</span> <span class='ocrx_word' id='word_1_281' title='bbox 698 3980 794 4030; x_wconf 83' lang='lat' dir='ltr'><strong>effatum</strong></span> <span class='ocrx_word' id='word_1_282' title='bbox 810 3980 870 4044; x_wconf 75' lang='lat' dir='ltr'>legis</span> <span class='ocrx_word' id='word_1_283' title='bbox 884 3997 907 4028; x_wconf 85' lang='grc' dir='ltr'><em>ν.</em></span> <span class='ocrx_word' id='word_1_284' title='bbox 937 3981 966 4029; x_wconf 78' lang='lat' dir='ltr'><em>Et</em></span> <span class='ocrx_word' id='word_1_285' title='bbox 979 3980 1011 4029; x_wconf 90' lang='lat' dir='ltr'><em>ibi</em></span> <span class='ocrx_word' id='word_1_286' title='bbox 1024 3981 1140 4030; x_wconf 76' lang='lat' dir='ltr'>Jacobiiz.</span> 
     </span>
     <span class='ocr_line' id='line_1_31' title="bbox 377 4056 1381 4122; baseline -0.005 -14"><span class='ocrx_word' id='word_1_287' title='bbox 377 4059 487 4110; x_wconf 71' lang='lat' dir='ltr'><em>Fortasse</em></span> <span class='ocrx_word' id='word_1_288' title='bbox 500 4070 525 4110; x_wconf 80' lang='lat' dir='ltr'><em>et</em></span> <span class='ocrx_word' id='word_1_289' title='bbox 542 4062 641 4118; x_wconf 79' lang='grc' dir='ltr'><em>δνςωπιῖ</em></span> <span class='ocrx_word' id='word_1_290' title='bbox 658 4059 736 4108; x_wconf 80' lang='lat' dir='ltr'>active</span> <span class='ocrx_word' id='word_1_291' title='bbox 752 4058 831 4107; x_wconf 86' lang='lat' dir='ltr'><strong>locum</strong></span> <span class='ocrx_word' id='word_1_292' title='bbox 847 4059 907 4107; x_wconf 82' lang='lat' dir='ltr'>tueri</span> <span class='ocrx_word' id='word_1_293' title='bbox 968 4056 1073 4107; x_wconf 80' lang='lat' dir='ltr'>³Schoi.</span> <span class='ocrx_word' id='word_1_294' title='bbox 1086 4077 1092 4106; x_wconf 74' lang='grc' dir='ltr'><strong><em>ε</em></strong></span> <span class='ocrx_word' id='word_1_295' title='bbox 1106 4066 1186 4122; x_wconf 75' lang='grc' dir='ltr'><em>γνώμη</em></span> <span class='ocrx_word' id='word_1_296' title='bbox 1198 4064 1240 4106; x_wconf 73' lang='grc' dir='ltr'><em>τοῦ</em></span> <span class='ocrx_word' id='word_1_297' title='bbox 1252 4060 1381 4119; x_wconf 76' lang='grc' dir='ltr'><em>νομοθέτου.</em></span> 
     </span>
     <span class='ocr_line' id='line_1_32' title="bbox 377 4132 1467 4203; baseline -0.007 -16"><span class='ocrx_word' id='word_1_298' title='bbox 377 4147 492 4198; x_wconf 66' lang='lat' dir='ltr'><em>potenza</em></span> <span class='ocrx_word' id='word_1_299' title='bbox 505 4136 908 4203; x_wconf 75' lang='lat' dir='ltr'>necipsumtibipudoremincutit</span> <span class='ocrx_word' id='word_1_300' title='bbox 969 4133 1050 4184; x_wconf 74' lang='lat' dir='ltr'><strong>⁴Hec.</strong></span> <span class='ocrx_word' id='word_1_301' title='bbox 1069 4138 1115 4184; x_wconf 76' lang='lat'><em>604</em></span> <span class='ocrx_word' id='word_1_302' title='bbox 1132 4155 1138 4184; x_wconf 76' lang='grc' dir='ltr'><em>ι</em></span> <span class='ocrx_word' id='word_1_303' title='bbox 1153 4132 1219 4198; x_wconf 84' lang='grc' dir='ltr'><em>Ἐχιι</em></span> <span class='ocrx_word' id='word_1_304' title='bbox 1238 4155 1264 4198; x_wconf 82' lang='grc' dir='ltr'><em>γε</em></span> <span class='ocrx_word' id='word_1_305' title='bbox 1282 4140 1362 4197; x_wconf 78' lang='grc' dir='ltr'><em>μέντοι</em></span> <span class='ocrx_word' id='word_1_306' title='bbox 1381 4137 1420 4179; x_wconf 81' lang='grc' dir='ltr'><em>καὶ</em></span> <span class='ocrx_word' id='word_1_307' title='bbox 1440 4138 1467 4180; x_wconf 76' lang='grc' dir='ltr'><em>τὸ</em></span> 
     </span>
     <span class='ocr_line' id='line_1_33' title="bbox 377 4209 1468 4283; baseline -0.005 -20"><span class='ocrx_word' id='word_1_308' title='bbox 377 4217 574 4266; x_wconf 58' lang='lat' dir='ltr'>&amp;inreverentiam</span> <span class='ocrx_word' id='word_1_309' title='bbox 586 4216 682 4266; x_wconf 79' lang='lat' dir='ltr'>effatum</span> <span class='ocrx_word' id='word_1_310' title='bbox 693 4235 716 4262; x_wconf 78' lang='grc' dir='ltr'><em>ι.</em></span> <span class='ocrx_word' id='word_1_311' title='bbox 936 4219 1058 4283; x_wconf 83' lang='grc' dir='ltr'><em>θρερθῆναι</em></span> <span class='ocrx_word' id='word_1_312' title='bbox 1073 4218 1155 4270; x_wconf 80' lang='grc' dir='ltr'><em>καλῶς,</em></span> <span class='ocrx_word' id='word_1_313' title='bbox 1169 4213 1232 4261; x_wconf 74' lang='lat' dir='ltr'>Sunt</span> <span class='ocrx_word' id='word_1_314' title='bbox 1243 4222 1268 4260; x_wconf 81' lang='lat' dir='ltr'><em>et</em></span> <span class='ocrx_word' id='word_1_315' title='bbox 1280 4210 1401 4275; x_wconf 82' lang='lat' dir='ltr'>Euripidis</span> <span class='ocrx_word' id='word_1_316' title='bbox 1413 4209 1468 4259; x_wconf 80' lang='lat' dir='ltr'>libri</span> 
     </span>
     <span class='ocr_line' id='line_1_34' title="bbox 409 4290 1323 4364; baseline -0.008 -19"><span class='ocrx_word' id='word_1_317' title='bbox 409 4293 530 4356; x_wconf 79' lang='lat' dir='ltr'>&#39;Codex,</span> <span class='ocrx_word' id='word_1_318' title='bbox 550 4303 640 4364; x_wconf 80' lang='grc' dir='ltr'><em>γρίρον.</em></span> <span class='ocrx_word' id='word_1_319' title='bbox 658 4294 778 4343; x_wconf 84' lang='lat' dir='ltr'>Lucianus</span> <span class='ocrx_word' id='word_1_320' title='bbox 799 4293 907 4343; x_wconf 82' lang='lat' dir='ltr'>Vitarum</span> <span class='ocrx_word' id='word_1_321' title='bbox 935 4308 989 4341; x_wconf 80' lang='lat' dir='ltr'><em>cum</em></span> <span class='ocrx_word' id='word_1_322' title='bbox 1005 4290 1124 4350; x_wconf 76' lang='lat' dir='ltr'>lectione,</span> <span class='ocrx_word' id='word_1_323' title='bbox 1138 4292 1188 4354; x_wconf 82' lang='grc' dir='ltr'><em>ἔχει</em></span> <span class='ocrx_word' id='word_1_324' title='bbox 1201 4310 1227 4353; x_wconf 79' lang='grc' dir='ltr'><em>γε</em></span> <span class='ocrx_word' id='word_1_325' title='bbox 1238 4295 1279 4355; x_wconf 79' lang='grc' dir='ltr'><em>μέν</em></span> <span class='ocrx_word' id='word_1_326' title='bbox 1291 4310 1323 4339; x_wconf 84' lang='grc' dir='ltr'><em>τι.</em></span> 
     </span>
     <span class='ocr_line' id='line_1_35' title="bbox 379 4366 1467 4440; baseline -0.006 -20"><span class='ocrx_word' id='word_1_327' title='bbox 379 4371 448 4421; x_wconf 73' lang='lat' dir='ltr'>Auct.</span> <span class='ocrx_word' id='word_1_328' title='bbox 470 4375 498 4422; x_wconf 76' lang='lat'><em>14</em></span> <span class='ocrx_word' id='word_1_329' title='bbox 514 4393 521 4422; x_wconf 73' lang='grc' dir='ltr'><em>ε</em></span> <span class='ocrx_word' id='word_1_330' title='bbox 538 4377 670 4438; x_wconf 81' lang='grc' dir='ltr'><em>αἰνίγματα</em></span> <span class='ocrx_word' id='word_1_331' title='bbox 688 4377 759 4436; x_wconf 73' lang='grc' dir='ltr'><em>λέγεις</em></span> <span class='ocrx_word' id='word_1_332' title='bbox 780 4377 794 4429; x_wconf 77' lang='grc' dir='ltr'><em>ἣ</em></span> <span class='ocrx_word' id='word_1_333' title='bbox 815 4381 908 4440; x_wconf 82' lang='grc' dir='ltr'><em>γρίρους</em></span> <span class='ocrx_word' id='word_1_334' title='bbox 969 4368 1096 4418; x_wconf 79' lang='lat' dir='ltr'><em>⁵Videiur</em></span> <span class='ocrx_word' id='word_1_335' title='bbox 1116 4370 1203 4420; x_wconf 78' lang='lat' dir='ltr'>deesse</span> <span class='ocrx_word' id='word_1_336' title='bbox 1224 4366 1323 4418; x_wconf 80' lang='lat' dir='ltr'>verbum</span> <span class='ocrx_word' id='word_1_337' title='bbox 1346 4369 1467 4431; x_wconf 80' lang='grc' dir='ltr'><em>δέχεσθαι,</em></span> 
     </span>
     <span class='ocr_line' id='line_1_36' title="bbox 379 4448 1072 4520; baseline -0.004 -20"><span class='ocrx_word' id='word_1_338' title='bbox 379 4456 502 4511; x_wconf 76' lang='grc' dir='ltr'><em>ουντιθνῖςς</em></span> <span class='ocrx_word' id='word_1_339' title='bbox 527 4453 560 4503; x_wconf 80' lang='lat' dir='ltr'><em>ibi</em></span> <span class='ocrx_word' id='word_1_340' title='bbox 582 4451 665 4502; x_wconf 83' lang='lat' dir='ltr'>Schoi.</span> <span class='ocrx_word' id='word_1_341' title='bbox 685 4473 691 4501; x_wconf 91' lang='lat'>:</span> <span class='ocrx_word' id='word_1_342' title='bbox 711 4462 790 4520; x_wconf 78' lang='grc' dir='ltr'><em>γρῖφος</em></span> <span class='ocrx_word' id='word_1_343' title='bbox 812 4459 908 4515; x_wconf 80' lang='grc' dir='ltr'><em>ζήτημα</em></span> <span class='ocrx_word' id='word_1_344' title='bbox 936 4449 972 4498; x_wconf 78' lang='lat' dir='ltr'><em>vol</em></span> <span class='ocrx_word' id='word_1_345' title='bbox 985 4448 1072 4498; x_wconf 81' lang='lat' dir='ltr'>simile.</span> 
     </span>
    </p>
   </div>
   <div class='ocr_carea' id='block_1_6' title="bbox 0 0 1854 5659">
    <p class='ocr_par' dir='ltr' id='par_1_10' title="bbox 0 0 1854 5659">
     <span class='ocr_line' id='line_1_37' title="bbox 0 0 1854 5659; baseline 0 0"><span class='ocrx_word' id='word_1_346' title='bbox 0 0 1854 5659; x_wconf 95' lang='lat' dir='ltr'><em> </em></span> 
     </span>
    </p>
   </div>
  </div>
 </body>
</html>
