3684 5659
801 626 958 687 mmmm
985 615 1043 689 ιη’.
1397 623 1462 693 νυν

372 760 470 850 χωρίς
497 762 549 823 τοῦ
578 760 811 850 σννεργήσοντος
842 755 873 836 ἐξ
903 762 1037 852 ἀνάγκης
1064 761 1249 853 ἐργάσαιτο,
1279 763 1331 826 καὶ
1360 766 1469 839 πάντες

372 866 582 952 τεθνήξονται,
608 871 660 934 καί
688 868 742 933 οὐκ
770 873 850 933 ἔστιν
876 870 954 946 ὅςτις
976 874 1027 936 ού·
1056 874 1089 937 τὸ
1116 870 1149 937 θὲ
1172 872 1322 963 πορνεύειν
1348 874 1470 963 γνώμης

372 980 511 1073 παρέσχε
527 983 622 1072 ῥοπή,
641 981 693 1045 καί
712 980 835 1062 πολλοί,
860 982 974 1068 μάλλον
995 979 1024 1047 θ’
1046 984 1072 1048 οἱ
1096 983 1216 1060 πλείους
1237 986 1272 1048 τὸ
1295 986 1391 1060 πάθος
1415 984 1469 1049 οὐκ

374 1087 493 1157 οῖ’θασι.
512 1093 649 1178 Κάκείνῳ
667 1089 719 1178 μέν
736 1091 818 1168 ἔλεος
835 1089 956 1176 ἕπεται,
976 1095 1027 1157 καί
1048 1093 1103 1158 οὐκ
1120 1097 1199 1158 ἔστιν
1220 1095 1278 1182 ὅτῳ
1295 1097 1347 1158 καί
1366 1094 1468 1159 κωλυ-

374 1204 456 1273 θείη·
476 1199 572 1288 τούτῳ
591 1197 724 1293 δὲπαρά
740 1204 859 1266 πάντων
876 1212 966 1288 μῖσος
983 1204 1034 1267 καί
1055 1199 1182 1280 ὅνειθος.
1201 1207 1260 1269 Καὶ
1279 1205 1293 1269 ὁ
1310 1205 1351 1292 μὴ
1368 1203 1471 1295 λόγοις

373 1313 427 1377 καί
445 1313 615 1387 νουθεσίαις
635 1313 837 1403 ἀφιστάμενος
853 1321 911 1378 τῶν
930 1322 1046 1397 κακῶν,
1067 1315 1107 1389 ὡς
1127 1310 1188 1378 οἷόν
1205 1314 1233 1377 τ’
1251 1315 1283 1379 θν
1301 1317 1470 1385 ἀποστῆναι
1553 1342 1555 1345 ’

373 1424 428 1487 καὶ
454 1431 632 1514 σωφρονεῖν,
661 1420 715 1485 οὐκ
740 1424 804 1509 ἔχει
831 1414 901 1487 καθ’
930 1422 961 1487 ὃν
982 1425 1090 1514 τρόπον
1115 1425 1148 1489 τὸ
1175 1427 1330 1512 μισεῖσθαι
1354 1424 1466 1515 φύγειν.

372 1535 502 1598 Κάκεῖνο
519 1531 572 1620 μὲν
588 1535 684 1608 πάθος
702 1532 844 1619 σώματος
860 1530 890 1608 ἐξ
908 1536 1064 1625 ἀνάγκης,
1083 1541 1170 1600 τοῦτο
1186 1532 1220 1600 δὲ
1233 1539 1330 1610 πάθος
1346 1535 1379 1599 ἐκ
1394 1537 1470 1625 γνώ·

373 1669 432 1731 μης
457 1642 573 1731 ψυχῆς.
600 1619 674 1730 ὅσῳ
695 1644 792 1707 τοίνυν
815 1647 956 1735 κρείττων
978 1644 1063 1732 ψυχὴ
1083 1646 1242 1732 σώματος,
1263 1645 1396 1732 τοσούτῳ
1416 1651 1468 1710 τοῦ

372 1755 512 1818 τεθνάναι
529 1753 564 1818 τὸ
582 1752 745 1818 άσωτεύειν
762 1763 877 1845 χεῖρον.
897 1757 936 1818 Εἰ
950 1750 984 1818 δὲ
1001 1757 1052 1820 καί
1069 1755 1218 1846 άριστέως
1230 1765 1304 1831 παῖς
1317 1752 1352 1827 ἦν
1367 1757 1382 1820 ὁ
1396 1780 1468 1845 πορ-

372 1863 476 1949 νεύων,
504 1855 545 1950 ᾧ1
562 1863 707 1940 πολλάκις
729 1866 749 1935 η
772 1874 863 1956 πεῖρα
885 1864 1072 1957 παρέστησεν
1096 1865 1127 1930 ὃν
1154 1863 1214 1931 ἔθει
1237 1869 1393 1954 μιμεῖσθαι
1415 1868 1467 1931 καὶ

372 1983 437 2050 τοῖς
453 1975 575 2067 τρόποις
592 1973 782 2059 ἀκολουθεῖν,
802 1972 885 2050 ἀξιον
903 1978 1012 2067 κρίνεις
1029 1975 1140 2042 ἐκεῖνον
1158 1981 1210 2066 ζῇν
1227 1980 1269 2051 είς
1287 1973 1398 2065 αἶσχος
1415 1981 1468 2041 τοῦ

371 2084 521 2177 ἀριστέως
542 2087 594 2150 καί
623 2081 755 2168 ὅνειθος;
782 2068 863 2151 ίνατι
886 2088 984 2150 τοίνυν
1008 2079 1093 2164 οὗτος
1115 2090 1167 2153 καὶ
1192 2091 1335 2168 ζήσεται,
1360 2087 1409 2151 ἵνα
1429 2088 1468 2151 τὰ

371 2197 487 2288 πατρὸς
521 2199 597 2287 ἔργα
629 2197 739 2287 περιὼν
771 2194 882 2271 ἐκεῖνος
915 2191 1107 2284 μιμήσηται;
1144 2195 1211 2262 ἀλλ’
1246 2197 1281 2261 ού
1314 2207 1468 2287 προςεῖχεν

373 2303 441 2371 οὐδ’
467 2306 558 2382 ύλως.
587 2287 661 2372 Ᾰλλ’
686 2308 734 2371 ίνα
761 2309 913 2398 χρήσιμος
939 2306 1049 2382 ἐκεῖνος
1073 2310 1196 2397 φανείη;
1223 2306 1290 2371 ἀλλ’
1315 2310 1357 2381 εἰς
1380 2313 1468 2371 τοῦτο

372 2421 554 2493 σκοποῦντες
571 2417 779 2504 ἐνουθετοῦμεν
796 2418 853 2481 κάν
871 2416 925 2482 οὐκ
942 2416 1106 2504 ἐπάθομεν.
1127 2398 1200 2483 Ᾰλλ’
1219 2417 1267 2481 ἵνα
1284 2422 1343 2492 ζῶν
1359 2442 1469 2481 κατευ-

370 2530 455 2616 παθῇ
472 2529 525 2593 καί
543 2538 612 2603 ταῖς
631 2527 802 2616 ἐπιθυμίαις
820 2525 932 2616 συζῄ’;
954 2524 1081 2603 δικαίως
1097 2535 1147 2610 ἀν,
1169 2535 1245 2592 ε’ίποι
1262 2552 1323 2610 τις,
1344 2531 1395 2602 ἔζη
1414 2529 1465 2591 καὶ

372 2635 465 2714 ἀξίως
486 2647 540 2714 τῆς
565 2638 752 2730 θρεψαμένης
777 2637 903 2713 πόλεως.
930 2617 956 2701 li
981 2638 1034 2702 ούκ
1059 2634 1162 2702 οίθοιτε
1187 2634 1249 2703 ὅτι8
1271 2638 1340 2728 ὅπερ
1364 2638 1467 2724 λοιμὸς

371 2750 493 2836 σώματι
506 2741 724 2838 (μεταθοτικὸν
737 2751 797 2840 γάρ
812 2750 846 2813 τὸ
860 2752 957 2825 πάθος
969 2758 1032 2825 τοῖς
1046 2743 1283 2836 πλησιάζουσι),
1301 2747 1383 2812 τουτ’
1397 2750 1468 2812 ἀνά-

356 2885 474 2950 γωγος
494 2861 596 2950 γνώμη
621 2860 693 2952 πρὸς
715 2861 767 2930 τὴν
789 2869 841 2936 τῆς
863 2860 1016 2935 πολιτείας
1039 2862 1164 2931 νεότητα
1172 2881 1182 2941 ;
1208 2871 1294 2936 ποῖος
1317 2861 1354 2925 ἀν
1378 2861 1469 2936 ἄλλος

408 3124 415 3150 ¹
429 3122 514 3174 Codex
524 3128 564 3182 ὡς.
573 3123 696 3190 Rescripsi
706 3127 734 3193 ᾧ.
745 3124 911 3190 Quaesyliahae
937 3140 1021 3174 versus
1034 3124 1070 3174 sic
1081 3123 1126 3174 suit
1143 3123 1241 3174 editus:
1256 3131 1333 3194 Σορῶν
1347 3127 1416 3193 θύρας
1432 3125 1468 3173 ίκ-

374 3216 442 3268 saeps
466 3212 611 3267 permutctae
625 3211 696 3263 suni,
711 3201 743 3252 cb
763 3201 911 3267 adscriptum
937 3207 1018 3272 τριθι,
1030 3208 1143 3254 πλουσίων
1160 3204 1185 3253 δὲ
1196 3210 1240 3266 μή.
1251 3203 1296 3264 Qui
1308 3203 1344 3252 sic
1358 3212 1395 3251 esi
1406 3203 1472 3252 scri-

377 3301 385 3330 ι
398 3291 445 3337 εις
456 3295 511 3345 ιριω
520 3290 576 3329 sunt
590 3279 722 3330 simillima.
735 3280 840 3329 isaacius
851 3281 912 3329 Por·
938 3291 994 3344 ptus
1002 3283 1026 3331 in
1037 3280 1092 3332 cod.
1109 3283 1172 3331 3058
1184 3302 1191 3330 ι
1203 3289 1228 3332 Σ.
1242 3287 1264 3332 θ.
1274 3283 1293 3332 ἔ.
1306 3288 1346 3331 καί
1358 3290 1392 3347 μὴ
1402 3284 1471 3332 πλου-

374 3357 480 3424 phyrcg.
495 3356 600 3422 paralip.
619 3357 771 3416 Homericis,
792 3373 820 3422 p.
840 3359 909 3406 302:
937 3368 1002 3410 σίων.

375 3436 484 3505 ὖφίρπιιν
508 3437 604 3505 ὀλεθρίῳ
626 3441 691 3503 θυμῷ
714 3441 789 3505 νέρθεν
815 3438 911 3505 καρδίας
971 3435 1140 3501 ’Ἑπιθυμίαις
1149 3436 1216 3506 συζῇ]
1227 3436 1329 3486 Basilius
1338 3436 1369 3486 Μ.
1379 3436 1471 3485 Homil.

374 3517 522 3582 παφλάζοντι
531 3522 588 3581 πρὸς
601 3518 690 3565 τούτων
701 3523 741 3566 τὸν
752 3516 853 3584 ὄλιθρον.
862 3517 911 3566 Co·
938 3516 970 3566 ad
982 3516 1096 3576 Juvenes,
1107 3515 1138 3565 de
1149 3514 1303 3574 Phaeacibus,
1318 3531 1341 3564 c.
1357 3515 1371 3561 5
1383 3534 1389 3563 ε
1401 3517 1469 3583 ἀφέν-

375 3590 423 3641 dex
435 3593 482 3639 8ίῖ
494 3609 501 3640 ι
513 3591 634 3661 ὀλεθρίως,
649 3593 716 3658 quod
728 3609 777 3643 non
789 3593 910 3659 displicet.
939 3615 980 3652 τας
999 3603 1041 3653 τὴν
1054 3603 1142 3663 τρυφὴν
1161 3598 1178 3664 ᾖ
1193 3602 1300 3656 συνεζῶν.
1318 3592 1472 3659 Epiphanius

374 3668 496 3718 Luciacus
505 3669 568 3719 Tox.
579 3684 601 3719 c.
619 3673 662 3719 11:
676 3675 812 3737 ὡρίσθωσαν
827 3675 912 3722 ὁπόσαι
938 3673 1046 3740 Physioi.
1060 3674 1091 3722 de
1104 3672 1192 3734 ardea,
1206 3672 1247 3722 ed.
1264 3673 1368 3721 Μιναῖοι.
1382 3687 1408 3736 p.
1421 3674 1468 3720 21:

376 3752 465 3799 ίνιιιναί·
483 3753 552 3798 πίνττ
572 3750 652 3814 ίμοιγτ
673 3751 777 3800 δοκοῦσιν
799 3753 912 3818 ἑκατέρῳ.
938 3759 1007 3803 τοῦτο
1017 3760 1044 3803 τὸ
1055 3752 1131 3821 ὄρνεον
1141 3755 1244 3820 τοσαύτῃ
1253 3754 1385 3819 σωφροσύνῃ
1398 3760 1472 3820 συζῇ,

375 3826 461 3876 Codex
473 3827 554 3888 2956,
566 3837 591 3876 ct
607 3828 648 3878 alii
662 3829 761 3879 aliunde
775 3829 843 3889 noti,
858 3831 912 3879 ίκα-
939 3831 1037 3888 cisra...
1053 3831 1171 3889 Asterius,
1183 3846 1209 3894 p.
1222 3830 1254 3878 40
1268 3849 1274 3878 z
1290 3829 1341 3878 ούδί
1355 3839 1472 3894 γεωργῶν,

375 3910 459 3974 τίροις,
469 3904 553 3970 Neque
565 3905 613 3956 hoc
622 3907 703 3956 male:
717 3925 729 3951 (ι
742 3908 801 3957 mihi
813 3907 911 3972 quidem
939 3909 970 3958 δι’
991 3909 1094 3959 αὒτὸ“τὸ
1113 3915 1223 3977 γεωργεῖν
1241 3919 1290 3972 τοῖς
1311 3912 1389 3964 πίνοις
1397 3972 1400 3979 ¹
1409 3916 1473 3968 συζιῖ

375 3983 484 4049 quinque
500 3983 614 4034 videmus
625 3987 740 4050 utrinque
754 3985 812 4034 satis
824 3986 877 4036 fore
889 4005 910 4036 ι.
939 3987 997 4050 (imo
1006 3987 1081 4055 συζῇ).
1091 3987 1322 4052 Aphthoniusi’mg.
1334 4002 1358 4050 p.
1369 3986 1410 4044 10,
1421 3994 1440 4033 t.
1450 3984 1473 4044 l,

376 4061 521 4112 poemanini·
535 4061 699 4127 alphabetici,
716 4063 782 4127 quod
793 4063 911 4113 ineditum
939 4065 1022 4116 Rhesi.
1033 4065 1122 4114 Walz.:
1133 4071 1155 4115 οἱ
1164 4074 1233 4130 πενίᾳ
1241 4074 1352 4126 συζῶντις
1363 4071 1405 4119 τὴν
1414 4065 1472 4112 ἀπα

375 4154 430 4190 esse
441 4149 513 4205 puto,
525 4141 623 4191 ultimos
635 4157 719 4191 versus
734 4140 852 4192 tredecim
865 4142 913 4192 ha·
938 4153 993 4211 ρίαν
1006 4155 1047 4201 τῆς
1059 4145 1191 4212 παρρησίας
1200 4145 1306 4207 ἐμποδὼν
1318 4144 1474 4208 ἀπειλήφασι.

375 4218 439 4281 bec,
458 4219 644 4271 octavodecimo
663 4221 698 4271 sic
715 4220 806 4285 scripto
824 4240 829 4269 :
847 4227 911 4290 Σορῷ
939 4224 986 4272 Pro
1004 4223 1111 4286 ἐμποδών
1128 4237 1176 4270 non
1194 4222 1336 4285 displiceret
1349 4220 1470 4284 ἐμπόδιον·

375 4301 476 4362 σχόλαζε
491 4300 513 4348 ἰν
528 4309 628 4367 γραφαῖς
644 4309 697 4357 ταῖς
709 4302 800 4356 ἐνθέοις.
814 4300 911 4364 Legcn-
939 4318 992 4366 quae
1021 4299 1138 4349 vocabula
1159 4299 1291 4363 permutari
1313 4309 1398 4348 notum
1422 4308 1473 4348 esi.

376 4375 433 4426 dum
443 4386 527 4445 σοφῶς.
539 4377 565 4426 in
581 4378 652 4427 simili
667 4378 809 4427 Nazianzeni
821 4379 912 4444 Alpha-
939 4378 1008 4428 Adde
1022 4395 1048 4428 ιι.
1064 4378 1094 4427 ad
1109 4377 1201 4429 Anecd.
1216 4378 1297 4439 Nova,
1312 4395 1339 4444 ρ.
1357 4381 1410 4427 i'li.

377 4454 447 4514 bem,
467 4465 484 4504 t.
506 4455 542 4513 ΙΙ,
561 4472 587 4521 p.
610 4458 670 4516 186,
689 4456 797 4520 ejusdcm
816 4458 910 4507 numeri
972 4457 1076 4508 5(ὶοιῖενι
1088 4457 1138 4516 ὅτι,
1152 4458 1318 4522 superscripto
1327 4463 1366 4514 ὡς.
