3684 5659
449 602 521 675 306
899 602 1092 665 ΙΕΡΟΚΛΗΣ

499 733 556 834 p4'.
583 735 753 804 Δυσκόλου1
775 730 985 810 τοιὸλίζοντος’
987 779 997 815 ,
1018 729 1228 796 κατεπέτασσὲ
1247 728 1309 805 τιςθ
1326 732 1423 861 ἀργὸς
1443 735 1540 804 καθή-

449 880 549 944 μενος.
568 833 683 917 (λιλὲθ
668 847 849 952 θυρούρευος
867 846 1020 936 ηρώτησεν
1042 840 1150 906 αὐτόν·
1176 866 1192 899 ιι
1211 844 1306 918 Ποίας
1327 839 1470 931 τέχνης·
1458 889 1470 924 ,
1491 845 1541 908 καὶ

450 962 549 1031 ιλιὰ’
520 991 547 1029 τι
572 966 726 1091 ἀργοῖς,
692 980 725 1018 υ·
753 958 877 1021 Εκείυου
897 951 930 1019 δε
957 954 1089 1028 εἰπόντος
1115 976 1180 1034 οτι,
1206 978 1221 1008 ιι
1239 956 1360 1030 Ροίπτης
1385 953 1439 1041 μέν
1463 957 1540 1041 εἰμι,

450 1081 535 1168 ἔργον
553 1071 632 1139 δὲ’
604 1097 658 1138 ουκ
676 1074 788 1158 ἔχω,
755 1091 771 1125 ν
808 1062 1020 1156 διαρρήξας
991 1087 1042 1128 τον
1059 1061 1167 1126 ἑαυτοῦ
1181 1071 1316 1152 χιτῶνα,
1332 1089 1385 1128 και
1375 1059 1540 1147 ἐπιδούς,

449 1183 529 1250 εἷπε·
550 1208 564 1240 ιι
581 1180 690 1247 Λοιὸὼν
709 1179 855 1270 ἐργάζου,
874 1176 927 1238 καὶ
947 1174 1048 1238 σιώπα
1063 1197 1093 1236 ν.

494 1350 578 1467 p4.ol
613 1351 781 1422 Δύσκολόν“
809 1379 853 1428 τις
879 1352 1001 1443 ἠρώτα
1031 1375 1047 1408 ιι
1070 1357 1131 1416 Ποῦ
1157 1351 1307 1438 μένεις,
1272 1375 1307 1409 υ·
1334 1331 1474 1416 (lli
1447 1368 1539 1425 ειπεν

392 1470 396 1475 ’
450 1496 465 1528 ιι
481 1451 571 1536 Ιλκεῖθ
574 1494 603 1534 εν
619 1465 791 1555 ρεταὸοείνω
807 1487 836 1528 ν.

498 1638 576 1739 946¹
596 1639 756 1731 Aveao'lp‘
772 1668 817 1718 τις
834 1639 1030 1732 ναυκλήρῳ’
1011 1644 1189 1717 απαντήσας
1206 1638 1287 1706 εἷπε·
1305 1668 1319 1699 ιι
1333 1643 1373 1706 Τὸ
1390 1638 1543 1707 ἐπίπλουντ

451 1783 506 1824 σου
525 1754 635 1823 εἶδον’
622 1780 651 1821 εν
667 1712 752 1842 Ρόιλῳ
766 1777 795 1818 ν.
815 1751 997 1826 Κάκεῖνος’
978 1753 1173 1873 απεκρῖνοιεο
1193 1777 1208 1806 ιι
1226 1753 1321 1842 Κάγώ
1339 1775 1396 1816 σου
1414 1748 1537 1817 εἶδον
1510 1776 1542 1816 το

450 1865 549 1960 ἧποιρ8
565 1867 594 1933 ἐν
611 1866 733 1950 Σικελίᾳ
750 1889 779 1928 υ.

500 2033 577 2135 p4y'.
612 2037 782 2106 Δύσκολόν9
809 2065 855 2116 τις
881 2039 991 2115 ἐζήτει.
1020 2019 1147 2103 (λδὲ’
1129 2041 1328 2131 απεκρίνατο
1357 2069 1372 2097 ιι
1390 2039 1456 2106 Οὐκ
1486 2042 1542 2128 εἰμὶ

451 2148 511 2218 ὦδε
532 2180 561 2217 υ.
588 2158 646 2217 Τοῦ
670 2147 703 2216 δὲ
726 2150 991 2245 γελάσαντος,
957 2151 1009 2213 καὶ
1039 2149 1171 2224 εἰπόντος
1195 2174 1211 2206 ιι
1235 2145 1388 2238 perava-
1412 2158 1466 2226 τῆς
1487 2151 1542 2240 γὰρ

451 2273 548 2355 ρωνῆς
570 2286 625 2328 σου
647 2261 749 2326 ἀκούω
762 2279 794 2317 ν·
815 2257 909 2325 εἶπεν·
935 2284 951 2317 ιι
970 2264 995 2323 Ω
1016 2262 1179 2349 κάθαρμα,
1204 2263 1229 2324 εἰ
1250 2283 1303 2346 μεν
1323 2285 1339 2324 ο
1328 2256 1470 2337 δοῦλός
1489 2285 1543 2347 μου

486 2539 494 2564 ¹
507 2538 582 2589 Abest
592 2537 687 2587 abilei
701 2539 739 2595 Ρ.,
753 2548 778 2587 et
790 2536 853 2587 Edd.
865 2537 945 2586 Estll
960 2538 983 2584 in
1045 2534 1055 2560 ⁶
1068 2535 1150 2584 Exstat
1163 2536 1247 2585 inuno
1262 2537 1292 2585 Α.

452 2621 542 2682 Apogr.
560 2616 631 2665 Voss.
646 2616 744 2672 θηλὴ,
758 2615 894 2667 ιὼίεὸυσκ.
910 2634 987 2682 τραυ-
1048 2613 1154 2663 'Melius
1180 2614 1328 2666 scriberetur
1354 2624 1394 2667 τὸν
1423 2619 1544 2678 ὶπίπλουν,

452 2700 554 2758 ’νίζοντος
575 2695 637 2759 (llh.
663 2714 675 2738 ι
698 2695 848 2744 balbutiente
870 2712 893 2742 ν.
914 2693 985 2743 Voss.
1014 2709 1087 2758 quum
1104 2695 1546 2747 riiaialounomentumndicatur

452 2772 555 2837 ταυλίζ.)
572 2774 721 2830 κατεπήδησέ
733 2787 777 2830 τις·
801 2778 812 2823 ὁ
832 2775 856 2821 ὃὲ
876 2777 987 2836 θυμωθεὶς
1014 2781 1039 2820 el
1056 2771 1189 2820 masculino
1208 2787 1308 2835 genere.
1328 2772 1381 2822 Iam
1402 2773 1469 2824 lusus
1486 2775 1548 2825 inter

452 2857 569 2918 ἠρώτησεν
583 2855 603 2901 εἰ
615 2858 697 2914 τέχνην
710 2851 759 2900 οἶδε
773 2858 812 2900 καὶ
826 2852 866 2900 διὰ
881 2859 906 2900 τί
919 2853 986 2917 ἄργεε
1015 2856 1054 2899 τὸν
1077 2851 1197 2909 ἐπίπλουν,
1223 2850 1369 2900 maritimum
1389 2851 1444 2911 iter,
1465 2863 1489 2902 el
1509 2861 1545 2904 τὸν

452 2931 531 2991 (Voss.
548 2928 633 2996 ὰργεῖ)’
650 2937 691 2978 τοῦ
702 2932 725 2978 δὲ
738 2938 865 2996 ρήοκντος,
878 2928 986 2979 'Planta
1015 2930 1138 2984 ἐπίπλουν,
1159 2939 1299 2987 omentum,
1314 2931 1392 2992 magis
1410 2942 1474 2981 esset
1487 2935 1545 2981 αἰνι·

453 3009 520 3066 οἶδα,
541 3010 605 3073 ἔργον
623 3010 646 3056 δὲ
668 3008 707 3056 ουκ
728 3010 788 3069 ἔχω,
812 3009 940 3075 διαρρήξας
960 3017 986 3057 τὸ
1014 3009 1147 3070 γρικτώὸης.

454 3091 548 3150 ἱμάτιον
561 3087 632 3136 αὐτοῦ
645 3085 708 3149 (lino
723 3085 810 3147 αὑτοῦ)
828 3085 903 3133 εἶπεν·
922 3090 988 3135 Adia
1049 3083 1177 3147 'Agroetas
1189 3083 1253 3148 apud
1268 3084 1352 3133 Schol.
1367 3087 1449 3150 Apoll.
1460 3085 1506 3136 Rh.
1517 3088 1544 3149 2,

453 3174 492 3215 καὶ
512 3169 625 3232 ἐργάζου,
646 3171 685 3212 καὶ
703 3174 780 3228 σιωπᾷ
798 3162 877 3225 (Voss.
898 3174 986 3213 σιωπᾶ.
1018 3163 1094 3220 llll),
1110 3171 1194 3226 poetas
1210 3163 1243 3212 ait
1255 3159 1327 3229 οὖθαρ
1340 3170 1380 3211 καὶ
1393 3169 1458 3232 ἧπαρ
1473 3168 1545 3213 καλεῖν

454 3247 532 3294 iinon.
556 3252 643 3292 οιωπκ.
666 3241 777 3290 Rhoerius
796 3241 859 3289 inale
874 3242 985 3305 scripsit,
1015 3248 1101 3308 χωρίον
1122 3238 1246 3307 εὔκαρπον.
1265 3241 1335 3302 Quod
1354 3242 1373 3290 si
1398 3245 1490 3293 lacerus
1507 3244 1545 3294 ille

453 3324 516 3372 bene
528 3323 599 3370 vertit
612 3343 621 3363 ι
634 3321 679 3369 sile
692 3325 725 3380 ν),
1015 3319 1087 3368 hoino
1105 3335 1188 3382 agrum
1209 3320 1346 3383 possederit
1363 3322 1388 3369 in
1406 3322 1504 3384 Sicilia,
1517 3323 1546 3372 de

487 3401 541 3456 Ἀ,
554 3405 712 3462 τουκίζοντος.
726 3398 818 3463 Scripsi
828 3402 986 3458 τοὸλιζοντος,
1016 3414 1064 3460 quo
1083 3398 1161 3445 luerat
1175 3397 1252 3447 lector
1266 3399 1416 3459 itionendus‚
1429 3402 1475 3450 erit
1487 3417 1546 3450 nau-

456 3482 545 3528 eodeni
566 3496 627 3527 sone
647 3489 672 3526 et
688 3478 769 3527 littera
791 3476 910 3540 legitima,
933 3493 987 3525 cuin
1016 3476 1073 3524 cleri
1095 3476 1159 3524 lusus
1179 3478 1244 3525 eirea
1262 3482 1327 3544 ἧπαρ
1343 3477 1426 3541 jecur,
1446 3490 1470 3528 er
1489 3485 1547 3547 ἧπαρ

454 3558 576 3606 derivetur
595 3555 693 3605 verbum
718 3571 730 3602 a
753 3559 844 3611 τάὸλα,
863 3554 928 3619 quod
952 3566 989 3602 est
1016 3570 1073 3617 ager
1088 3555 1182 3603 fertilis.
1198 3555 1246 3604 Setl
1259 3558 1387 3606 nauclerus
1397 3574 1445 3606 non
1457 3559 1547 3624 legebat

454 3633 564 3683 Latinum
586 3633 689 3682 «tabula
701 3651 723 3681 ν.
744 3636 867 3694 Τκὸλίζειν
884 3634 924 3682 hie
942 3634 989 3683 loci
1017 3641 1109 3695 poetas.

454 3711 572 3774 signilieat
593 3710 700 3758 «ludere
722 3708 809 3758 tabulis
822 3729 844 3757 ν.
863 3709 924 3760 Vide
945 3712 988 3761 Ja-
1050 3707 1114 3758 ⁰Est
1128 3712 1173 3757 190
1191 3711 1214 3758 in
1230 3710 1266 3771 Μ,
1282 3711 1326 3758 105
1346 3710 1371 3758 in
1390 3711 1418 3760 P.
1432 3711 1508 3762 Abest
1521 3710 1548 3760 ab

454 3789 522 3838 cobs.
538 3788 568 3836 ad
583 3788 707 3836 Palladem
728 3788 810 3851 Epigr.
825 3790 870 3846 53,
888 3790 910 3837 in
926 3790 989 3838 Ana·
1018 3786 1081 3835 ilde.
1101 3788 1143 3835 Est
1163 3790 1191 3834 l}
1210 3790 1234 3836 in
1254 3791 1345 3852 Apogr.
1368 3788 1440 3838 Voss.
1456 3800 1481 3839 et
1495 3789 1548 3844 tlh..

454 3869 534 3928 lecte,
545 3878 561 3916 t.
575 3867 603 3923 Χ,
620 3883 644 3929 p.
658 3866 715 3913 230.
1017 3864 1057 3914 ubl
1070 3886 1075 3912 :
1088 3867 1188 3932 δυσκόλῳ
1204 3888 1240 3923 τις
1257 3869 1347 3934 ipsi-iet·
1365 3872 1378 3918 ὁ
1399 3869 1426 3917 δὲ
1444 3872 1489 3918 ἀπ.
1506 3868 1549 3918 Οὔκ

487 3946 610 3997 ³Jubebat
632 3947 783 4007 importunus
802 3941 907 3991 ludentis
929 3961 987 4007 spe·
1016 3947 1066 4005 εἰμι’
1079 3943 1148 4007 (Voss
1171 3946 1210 3994 οὐκ
1221 3949 1272 4007 εἰμί
1278 3981 1285 4002 ,
1304 3955 1337 3994 τῶ
1353 3945 1405 4005 sic,
1418 3957 1452 3996 τῶ
1469 3947 1551 3996 subtus

455 4038 533 4076 etator
543 4025 607 4075 hunc
617 4024 653 4072 vel
668 4023 734 4070 illum
746 4037 844 4070 movere
858 4023 988 4072 calculum.
1019 4032 1100 4070 notato
1112 4023 1226 4087 punctisl·
1241 4032 1282 4073 τοῦ
1294 4026 1319 4073 δὲ
1329 4027 1436 4082 εἰπόντος
1449 4026 1551 4090 lupet-

489 4105 572 4153 ‘Nlhll
585 4103 671 4152 deesse
684 4100 789 4150 videtur.
948 4159 953 4167 ,
1018 4101 1064 4157 δος·
1078 4113 1118 4158 τῆς
1134 4115 1206 4168 ρων-ῆς
1218 4122 1258 4151 σου
1272 4109 1317 4169 γὰρ
1334 4105 1423 4162 ἀκούω,
1436 4104 1511 4154 εἶπεν·
1523 4104 1552 4154 Ὠ

488 4184 497 4209 ³
514 4184 598 4233 Exstat
615 4193 708 4230 tantum
726 4182 749 4229 in
769 4182 859 4244 Apage.
875 4179 945 4228 Voss.
965 4191 990 4230 et
1017 4185 1081 4236 mli..
1097 4183 1116 4228 εἰ
1134 4187 1175 4242 μὲν
1193 4184 1204 4230 ὁ
1221 4191 1276 4236 παῖς
1297 4200 1342 4242 ρον
1360 4180 1434 4240 εἶπεν,
1448 4184 1551 4239 ἐπείσθης

456 4261 502 4310 tth.
512 4262 552 4310 ubi
568 4271 605 4309 est
620 4261 664 4318 ll,
677 4275 732 4309 cum
746 4260 821 4307 hacce
832 4258 947 4307 varietate
960 4264 988 4309 ιο
1017 4259 1053 4306 οἷν·
1072 4261 1117 4322 ἐγὼ
1135 4261 1160 4308 δὲ
1181 4260 1206 4309 ον
1227 4267 1341 4327 ρκίνοροί
1359 4280 1395 4309 σοι
1418 4264 1551 4319 ἀξιόπιστος

454 4343 478 4387 δὲ
498 4341 551 4405 ἔρη·
570 4341 682 4388 κάκεῖθεν.
704 4336 846 4401 Respondet
865 4338 933 4401 quasi
948 4338 988 4386 in·
1016 4336 1085 4385 sliat.

456 4428 588 4479 terrogatus
604 4416 634 4463 tle
649 4417 703 4464 loeo
713 4415 777 4464 unde
788 4415 889 4463 veniret.
1053 4414 1073 4438 '⁰
1085 4415 1107 4463 lli
1117 4453 1123 4473 ,
1135 4418 1221 4477 ψεύδει.
1238 4416 1306 4465 Conl.
1321 4415 1398 4482 §96¹2
