3684 5659
439 628 485 701 56
775 636 809 694 Γ.
837 632 918 695 ΤΟΥΙ
935 627 1191 692 ΠΑΧΥΜΕΡΟΥΣ

437 780 530 837 ποιεῖν
552 770 571 841 ἢ
593 770 645 834 καὶ
666 763 804 858 πράξειν1
824 767 1003 831 κακίσονσι.
1029 765 1194 828 Κάντεῦθεν
1214 764 1260 840 τί;
1279 759 1389 839 Οῦδελς
1406 764 1443 829 ἂν
1460 763 1529 830 ι’θε-

436 882 523 953 λήσοι
541 882 699 971 πράττειν,
726 881 751 942 εἰ
773 875 875 964 μέλλοι
891 871 1048 966 πράγματ’
1067 876 1147 961 ἔχειν
1164 874 1250 964 παρὰ
1271 867 1325 938 τοῦ
1346 871 1529 963 βουλομένου

436 992 560 1066 παντός.
576 992 758 1082 Προτιμησει
776 990 835 1079 γὰρ
847 985 981 1063 Ιἕκαστος
999 982 1093 1075 μηδὲν
1106 981 1224 1076 πράξας
1238 979 1312 1072 μηδ’
1326 983 1527 1076 ε’γκληθῆναι,

437 1096 456 1174 ἦ
473 1099 591 1195 πράξας
609 1105 690 1190 ἔχειν
707 1103 889 1192 πράγματα.

485 1212 579 1302 Κάγὼ
604 1209 657 1298 μἐν
679 1216 754 1284 ίσως
778 1195 896 1301 πράξας
920 1205 1072 1293 ἀπέτυχον
1095 1210 1148 1269 τοῦ
1174 1211 1307 1289 σκοποῦ,
1335 1207 1387 1271 καῖ
1409 1209 1473 1272 ἔστι
1495 1208 1530 1273 τὸ

436 1331 497 1386 πᾶν
514 1331 567 1398 τῆς
586 1321 658 1410 ἐμῆς
683 1322 810 1414 κρίσεως
833 1319 879 1386 ἐπὶ
903 1327 947 1406 τῷ
970 1325 1075 1404 σκοπῷ
1096 1319 1148 1382 καὶ
1170 1326 1207 1406 τῇ
1227 1317 1418 1411 προαιρέσει·
1439 1317 1531 1394 ἄλλος

437 1428 473 1497 δέ
488 1456 535 1509 τις
550 1431 687 1521 ἐπιτύχοι
705 1428 822 1523 πράξας
841 1431 893 1496 καὶ
912 1433 965 1494 τοῦ
984 1432 1119 1512 σκοποῦ,
1140 1429 1192 1493 καὶ
1212 1427 1303 1503 ἄλλος
1319 1427 1394 1493 ἄλλο
1412 1424 1531 1520 πράξας

437 1542 599 1627 ὡςαύτως,
625 1544 677 1608 καὶ
706 1539 804 1632 ἔτερος
833 1538 944 1631 ἕτερον.
974 1540 1034 1603 Καὶ
1063 1547 1198 1628 κρεῖττον
1228 1535 1313 1626 οἶμαι
1336 1540 1370 1603 τὸ
1396 1537 1443 1604 ἐπὶ
1468 1547 1532 1616 τοῖς

435 1653 683 1745 προαιρουμένοις
700 1653 840 1742 πράττειν
857 1652 908 1715 καὶ
927 1650 978 1714 τὸν
995 1650 1103 1740 τρόπον
1121 1646 1198 1714 εἶναι
1216 1658 1270 1725 τῆς
1291 1645 1456 1742 πράξεως’,
1476 1651 1529 1716 καὶ

436 1759 564 1827 ἕκαστον
587 1763 627 1837 ὡς
651 1768 840 1853 προαιρεῖται
863 1768 977 1842 ποιεῖν,
1003 1759 1060 1823 κάν
1083 1760 1203 1850 ἁμάρτῃ
1227 1758 1316 1844 ποτέ,
1337 1759 1390 1824 καὶ
1415 1762 1531 1835 πάντας

436 1870 506 1947 τοῦς
523 1868 722 1958 βουλομένους
738 1878 850 1953 ποιεῖν,
871 1874 924 1933 τοῦ
941 1867 1013 1960 παρ’
1032 1867 1142 1958 ἑτέροις
1156 1871 1276 1933 κεῖσθαι
1291 1869 1341 1934 τὸν
1354 1869 1464 1958 τρόπον
1477 1877 1531 1945 τῆς

437 1981 591 2065 εὐποιίας,
615 1982 672 2046 κάν
695 1980 818 2055 ἐκείνοις
842 1976 934 2070 δόξῃ,
960 1972 992 2044 εῦ
1013 1989 1108 2045 ποιεῖν
1130 1985 1234 2046 τοῦτον
1256 1976 1372 2064 δοκεῖν,
1392 1980 1450 2045 κάν
1467 1983 1527 2068 μή,

437 2093 634 2182 ἁμαρτάνειν,
650 2093 822 2176 κάντεῦθεν,
842 2093 897 2168 τ’άς
911 2094 1115 2183 συκοφαντίας
1129 2078 1288 2175 δεδιότας,
1309 2093 1360 2156 καὶ
1374 2090 1444 2167 τοὺς
1457 2089 1532 2177 βου-

437 2201 578 2290 λομένους
592 2205 734 2292 πράττειν
752 2200 936 2267 κωλύεσθαι.
957 2183 1059 2293 ὁγὰρ
1078 2201 1123 2293 ἐφ’
1140 2197 1185 2278 οἷς
1202 2203 1238 2266 ἂν
1255 2201 1355 2289 ἁλῴην
1372 2201 1433 2293 ἐγὼ
1452 2226 1529 2267 σκο-

438 2312 583 2401 πούμενος
599 2314 706 2400 μόνον,
727 2313 828 2378 ὁποῖον
845 2313 881 2377 άν
904 2311 978 2401 ἐμοῦ
995 2309 1181 2405 πράξαντος,
1201 2313 1312 2389 ἐκεῖνος
1330 2318 1383 2378 τοῦ
1397 2336 1533 2404 κατηγο·

438 2419 780 2514 μεῖνέπισχεθήσεταιθ.
801 2427 838 2489 Εἰ
858 2420 887 2489 δ’
905 2416 974 2508 οῦν,
995 2423 1063 2489 ἀλλ’
1083 2427 1146 2489 ἔστι
1164 2427 1259 2489 θεῖναι
1277 2425 1365 2512 νόμον
1381 2422 1462 2512 ὑμᾶς
1477 2430 1531 2490 τοῦ

438 2534 543 2600 λοιποῦ
559 2539 789 2627 προεμφανίζειν
806 2534 875 2624 ὑμῖν
892 2537 944 2600 καὶ
959 2538 1133 2601 κοινοῦσθαι
1149 2535 1202 2606 τὴν
1215 2536 1353 2627 γνώμην,
1370 2537 1422 2601 καὶ
1438 2531 1533 2623 μηδὲν

440 2645 565 2711 αὐτόθεν
588 2646 767 2738 ἐπιχειρεῖν,
789 2647 846 2712 κάν
869 2643 945 2735 δοκῇ
962 2630 1136 2737 συμφέρειν,
1158 2649 1183 2710 εἰ
1201 2646 1242 2734 μὴ
1259 2644 1333 2738 παρ’
1352 2643 1435 2733 ὑμῶν
1451 2669 1532 2738 συγ-

439 2758 590 2847 χωρηθείη
604 2765 646 2841 τῷ
664 2753 853 2843 βουλομένῳ,
871 2755 918 2846 ἐφ’
936 2748 1014 2841 ᾧδὴ
1031 2757 1083 2819 καὶ
1096 2752 1263 2826 femme&
1279 2757 1318 2819 Τὸ
1338 2750 1368 2818 δ’
1391 2752 1531 2845 έςδεῦρο,

440 2865 521 2929 ούπω
545 2863 676 2938 τεθέντος
701 2870 754 2928 τοῦ
777 2866 868 2951 νόμον
891 2865 943 2929 καὶ
971 2863 1170 2953 κυρωθέντος,
1194 2860 1293 2940 οὐδεὶς
1316 2865 1356 2938 ὡς
1378 2866 1533 2956 προείλετο

439 2971 557 3064 πράξας
574 2972 748 3049 ὑπεύθυνος.

469 3138 472 3145 ,
488 3065 547 3149 Ἑλπὶ
564 3084 681 3159 τούτοις
693 3087 769 3148 ἔστω
783 3087 834 3149 καὶ
850 3085 865 3149 ὁ
881 3089 1039 3176 ζωγράφος
1056 3083 1134 3174 ἐγώ,
1152 3085 1203 3170 ὅς,
1223 3089 1247 3150 εἰ
1261 3087 1313 3156 τὴν
1328 3085 1399 3172 έμην
1412 3089 1535 3178 γνώμην

440 3193 568 3281 ἐθέλοιμι
585 3203 736 3286 παριστάν
756 3203 820 3270 πῶς
843 3195 966 3289 ἔγραψα
986 3197 1025 3260 τά
1046 3199 1181 3287 ναυάγια
1203 3198 1255 3261 καὶ
1277 3205 1339 3273 πῶς
1360 3196 1467 3286 ἐθέμην
1486 3199 1532 3265 ἐπὶ

440 3303 583 3392 λιμένων,
602 3306 642 3380 ὡς
659 3300 808 3392 δημοτικὴ
823 3308 874 3371 καὶ
893 3306 1046 3397 φιλόπολις
1059 3308 1111 3371 καὶ
1127 3303 1220 3394 μηδὲν
1235 3311 1351 3396 ἔχουσα
1362 3314 1535 3401 κακοῦργον

440 3416 492 3480 καὶ
517 3411 654 3509 θολερόν,
680 3412 768 3503 μηδ’,
798 3418 835 3482 άν
861 3412 1042 3509 διαρραγείη
1067 3419 1082 3482 ὁ
1109 3421 1298 3510 συκοφάντης
1320 3415 1531 3506 ψευδόμενος“,

440 3522 540 3617 ῦδωρ6
559 3529 634 3595 άλλο
652 3534 732 3604 ζητῶ
749 3533 801 3595 καὶ
821 3527 1019 3621 δικαστηρίου
1038 3532 1144 3623 καιρὸν
1162 3529 1272 3623 ἕτερον.

490 3617 582 3724 ὅμως
598 3642 617 3709 ἡ
634 3639 725 3728 τέχνη
743 3643 927 3733 μαρτυρήσει
945 3648 987 3726 τῷ
1009 3640 1107 3731 λόγῳ,
1129 3644 1181 3705 καὶ
1205 3645 1395 3734 παραστήσει
1412 3642 1446 3706 τὸ
1465 3642 1534 3708 ε’πι-

442 3743 578 3836 τήδευμα
603 3751 656 3819 τὴν
679 3754 865 3841 προαίρεσιν.
893 3750 937 3816 Οὐ
966 3753 1025 3843 γὰρ
1050 3750 1180 3842 ὀχληρὸν
1204 3755 1255 3816 καὶ
1282 3747 1441 3840 δημῶδες,
1468 3750 1535 3819 οὐδ’

442 3853 505 3925 οἷον
522 3862 573 3925 καὶ
591 3861 850 3951 πολυπραγμονεῖν
868 3859 969 3954 ἕτερα.
988 3861 1084 3950 Τέχνη
1102 3863 1147 3937 τίς
1168 3861 1232 3928 ἐστι
1249 3872 1307 3928 τῶν
1325 3863 1535 3955 φιλησύχωνὴ

482 3974 487 3983 .
1536 3964 1550 3995 0

451 4063 452 4067 ,
476 4028 632 4080 ⁴Sicc'odex.
643 4027 770 4090 Fortasse,
785 4035 799 4088 η
813 4039 853 4081 καὶ
866 4037 973 4102 πράξειε,
1035 4033 1045 4059 ³
1060 4032 1101 4082 Sic
1120 4031 1207 4083 codex.
1231 4004 1331 4083 videtui
1350 4035 1402 4085 fere
1424 4037 1537 4088 nonnihil

444 4107 483 4158 vel
495 4113 509 4166 ἣ
520 4115 559 4158 καὶ
571 4113 666 4178 πράξει.
1002 4108 1145 4160 desiderari.

478 4185 602 4237 'Videtur
627 4191 713 4256 τρόπον
741 4200 825 4237 carere
851 4187 975 4253 epitheto,
1036 4188 1179 4254 ‘Teot‘knxd
1194 4189 1249 4239 vide
1262 4206 1286 4254 p·
1299 4192 1341 4249 32,
1355 4205 1380 4240 n.
1395 4193 1421 4241 ³.

445 4263 569 4330 ἐλεύθερον,
579 4266 717 4330 αῦτόνομον,
726 4266 912 4317 αῦτόθουλον.Εῑ
920 4282 977 4316 mox
1037 4267 1047 4292 ⁸
1060 4264 1093 4318 Ἂν
1102 4270 1242 4339 διαῤῥαγιίη
1252 4270 1399 4334 ψευδόμενος]
1408 4269 1464 4321 vide
1473 4287 1500 4338 p.
1510 4273 1535 4335 θ,

444 4339 540 4400 malim,
556 4349 596 4392 καὶ
608 4350 698 4403 πάντας
711 4355 786 4396 ποιεῖν
796 4351 849 4404 τοὺς
861 4348 978 4415 βονλομῖ·
1004 4359 1029 4393 n.
1045 4345 1070 4392 θ.

446 4439 495 4478 νους
507 4431 591 4472 ποιεῖν.
898 4440 901 4445 ’
1038 4421 1048 4448 ⁰
1060 4423 1148 4491 Ὕδωρ]
1160 4424 1215 4475 vide
1227 4441 1254 4490 p.
1269 4427 1296 4484 ί,
1307 4441 1332 4476 n.
1348 4428 1373 4476 6.
