3684 5659
815 630 972 692 νκιπτιι
997 619 1041 691 z'.
1402 624 1471 693 τιν

424 764 495 831 ’δότ’
509 764 588 857 ἐγώ,
609 765 625 830 ὁ
644 763 741 849 ξένος,
759 766 774 830 ὁ
790 760 981 848 ἀλλοδαπός,
1003 767 1017 829 ὁ
1037 762 1130 852 μηδὲν
1147 770 1300 857 προςηκων
1316 775 1351 856 τῇ
1367 768 1469 851 πόλει,

375 878 391 944 ὁ
408 874 504 966 μηδὲν
520 877 645 969 ὀφείλων
662 876 758 965 αὐτῇ,
778 875 941 963 ἐκκαίομαι
958 877 1011 946 τὴν
1025 872 1169 968 καρδίαν,
1188 879 1240 940 καί
1261 878 1366 968 θερμὸν
1384 879 1471 954 ζῆλον

374 987 603 1076 άνοιλαμθοίνω,
623 984 741 1072 βλέπων
764 987 793 1052 ἐν
812 994 878 1077 χρῷ
898 992 949 1050 τού
966 984 1102 1075 τείχους1
1119 987 1310 1075 μαχομένους
1326 988 1395 1064 τοὺς
1412 1015 1471 1054 πο-

373 1099 514 1188 λεμίους,
533 1099 585 1162 καί
604 1093 664 1169 ἤδη
682 1082 943 1190 προςδοκησίμους
962 1103 1049 1170 ὄντας
1066 1099 1118 1161 καί
1138 1098 1266 1186 στρατὸν
1287 1097 1396 1162 ἐκεῖνον
1415 1125 1472 1162 κα-

371 1210 606 1302 ταγωνίσασθαι
630 1211 682 1273 καί
710 1210 763 1279 τὴν
788 1208 874 1273 πόλιν
899 1207 987 1273 ἑλεῖν.
1017 1189 1167 1299 Εκρήσσω
1192 1214 1352 1299 τοιγαροῦν
1375 1210 1472 1300 φωνην

371 1316 465 1398 ἀξίαν
480 1324 534 1384 τοῦ
552 1321 696 1411 θάρσους.
717 1299 846 1384 Εκτείνω
869 1319 903 1383 τὸ
929 1314 1020 1410 δόρυ,
1042 1321 1168 1410 άτγίημι,
1188 1315 1293 1403 βάλλω
1310 1320 1363 1383 καί
1382 1318 1472 1384 ἄλλον

373 1423 463 1506 αὖθις
478 1439 541 1506 τοῖς
554 1428 666 1515 λίθοις,
682 1431 735 1494 καί
750 1426 853 1522 ἐφεξῆς
867 1427 978 1521 ἕτερον.
994 1429 1104 1513 Τέλος,
1121 1430 1170 1494 τὸν
1185 1430 1354 1520 στρατηγὸν
1368 1431 1473 1517 μαθὼν

372 1542 449 1633 πρὸς
474 1549 518 1628 τῷ
544 1542 638 1630 τείχει
664 1540 734 1616 τοὺς
761 1537 857 1615 ἰδίους
885 1538 1089 1632 θαρρύνοντοι,
1118 1537 1222 1625 βάλλω
1248 1542 1384 1631 καιρίαν.
1412 1542 1470 1606 Καὶ

372 1651 462 1729 εὐθὺς
477 1653 578 1717 πίπτει
594 1648 647 1738 μὲν
664 1650 775 1727 ἐκεῖνος
791 1653 843 1716 καί
862 1653 929 1739 άμα
945 1652 979 1716 τὸ
997 1650 1110 1717 ἐκείνου
1127 1649 1294 1738 σύμθολον·
1314 1651 1471 1744 τρέπονται

373 1758 410 1829 δὲ
431 1763 459 1829 οἶ
484 1762 560 1839 τέως
583 1771 735 1839 νικῶντες.
762 1765 868 1851 Κάμοῦ
892 1763 982 1828 πάλιν
1000 1762 1069 1838 τοὺς
1092 1762 1202 1838 ἄλλους
1222 1762 1401 1839 πλάττοντος
1418 1766 1470 1828 καί

373 1873 445 1951 τοὺς
459 1882 514 1950 τῆς
526 1873 641 1949 πόλεως
656 1869 874 1965 διεγείροντος,
890 1875 1113 1967 άναθαρροῦσιν
1127 1865 1226 1958 οὗτοι,
1242 1876 1294 1938 καὶ
1313 1873 1473 1965 ἑτεραλκὴς

373 1987 394 2057 ἡ
419 1987 509 2074 μάχη
533 1986 662 2076 γίνεται.
688 1987 746 2049 Καὶ
777 1985 804 2049 οἱ
833 1983 887 2072 μὲν
905 1988 1092 2068 κτείνονται,
1122 1985 1149 2050 οἱ
1179 1981 1213 2050 δέ
1240 1987 1416 2068 πίπτουσιν,
1444 1987 1471 2050 οἱ

373 2092 406 2162 δ’
424 2097 616 2163 ἁλίσκονται.
636 2097 695 2161 Καί
715 2095 800 2172 τέλος
816 2096 886 2161 κατ’
906 2096 1025 2162 ἐκείνων
1043 2098 1147 2162 ἱστᾶσι
1165 2098 1198 2162 τὸ
1216 2098 1359 2188 τρόπαιον
1375 2098 1402 2162 οἱ
1419 2105 1472 2173 τῆς

373 2207 507 2292 πόλεως,
527 2209 579 2272 καὶ
597 2202 658 2278 ἤδη
680 2208 747 2278 νίκη
764 2215 801 2297 τῇ
822 2207 905 2272 πόλει
929 2209 1090 2300 περιφανὴς
1113 2210 1166 2272 καὶ
1185 2218 1310 2283 παιᾶνες
1327 2210 1378 2273 καί
1398 2209 1471 2299 τρί-

372 2342 473 2404 παια,
485 2310 545 2385 καὶ
563 2318 579 2383 ὁ
597 2314 679 2394 ξένος
702 2317 763 2409 ἐγὼ
779 2321 920 2402 νικητής,
945 2318 1102 2409 άριστεύς,
1123 2316 1280 2410 εὐεργέτης
1301 2318 1470 2408 ἀνακηρύτ-

373 2454 481 2518 τομαι.

422 2541 483 2606 Καί
501 2539 577 2615 τέως
597 2540 662 2632 περὶ
685 2534 801 2631 δωρεάς
818 2539 882 2628 ἐμοὶ
906 2542 958 2605 καί
983 2541 1092 2628 μισθοῦ
1116 2536 1306 2602 σκοπούντων
1329 2536 1429 2625 ὑμῶν,
1457 2539 1472 2603 ὁ

372 2647 649 2736 πάντα-βάσκανος
666 2641 768 2735 οὗτος,
785 2652 837 2715 καί
862 2647 935 2739 μηδ’
952 2650 1154 2744 εύεργετηθείς
1170 2646 1302 2739 ίλαρός’,
1322 2647 1417 2742 ὥςπερ
1436 2649 1472 2714 άν

373 2756 502 2835 ἠδίκητο
521 2762 560 2826 τά
579 2759 700 2852 μεγάλα
715 2760 734 2832 ἢ
751 2759 917 2848 ἐζημίωτο,
938 2760 1007 2825 κατ’
1026 2759 1098 2847 ἐμοῦ
1117 2768 1202 2841 πνεῖ,
1221 2761 1272 2824 καὶ
1292 2758 1376 2835 ὅλαις
1392 2785 1471 2853 προ-

375 2868 516 2962 θυμίαις8
529 2874 656 2938 ἀνάπτει
669 2873 719 2937 τὸν
736 2868 845 2960 δῆμον,
865 2875 936 2956 καί,
953 2868 1097 2948 συλλέξας
1113 2869 1237 2947 τούτους
1253 2872 1312 2935 άπὸ
1329 2876 1382 2935 τοῦ
1399 2868 1475 2956 βου-

373 2983 531 3075 λευτηρίου
554 2985 597 3058 εἰς
620 2984 654 3047 τὸ
681 2978 894 3076 δικαστήριον,
919 2983 1008 3070 νόμον
1028 2985 1193 3074 προτείνει,
1219 2981 1272 3046 οὐκ
1295 2977 1366 3046 οἶδα
1384 2984 1473 3048 ποθεν

374 3092 478 3161 λαθὼν
502 3096 558 3161 καί
578 3092 647 3159 πότ’
673 3090 746 3159 ἰδὼν
768 3093 847 3182 ὑμεῖς
871 3093 1081 3186 χρησαμένους
1104 3093 1211 3181 αύτῷ..
1229 3095 1287 3158 Καὶ
1313 3093 1371 3182 ούχ
1394 3092 1474 3168 ὅπως

375 3203 486 3274 δίδωσι
505 3203 635 3299 δωρεάν,
657 3207 737 3273 ἀλλά
757 3208 809 3272 καὶ
829 3206 969 3282 κολάζειν
988 3215 1195 3299 προαιρεῖται,
1222 3206 1262 3280 ὡς
1280 3207 1365 3297 παρά
1383 3207 1473 3292 νόμον

375 3315 621 3409 εὐεργετούμενος
628 3364 639 3402 ,
662 3319 715 3382 καί
737 3314 816 3393 ξένον
841 3316 887 3383 ἐπί
908 3318 942 3381 τὸ
961 3327 1062 3407 τεῖχος
1080 3316 1241 3381 ἀνελθόντα
1257 3315 1386 3402 (γονεύειν
1404 3315 1474 3381 ἐπι-

375 3436 491 3521 χειρεῖ,
504 3428 721 3519 ἀναγινώσκων
737 3435 813 3504 ίσως
829 3422 1028 3520 γράμματαί,
1048 3430 1099 3492 καὶ
1119 3428 1160 3514 μὴ
1180 3421 1345 3500 διανοίαις“
1361 3426 1471 3518 προςέ-

376 3562 454 3627 χων,
474 3532 526 3615 αἷς
546 3538 660 3627 μᾶλλον
677 3537 724 3604 ἐπὶ
743 3549 819 3605 ποῖοι
837 3539 993 3631 προςέχειν
1011 3536 1108 3615 άξιον.

424 3631 475 3715 ίδε
491 3654 545 3714 τοῦ
561 3648 722 3737 νομοθέτου
736 3650 789 3720 τὴν
802 3651 922 3741 γνώμην
939 3650 1123 3743 παρακαλῶ.
1145 3629 1203 3714 Επί
1222 3651 1279 3713 τίνι
1297 3646 1405 3714 κωλύει
1422 3648 1472 3713 τὸν

411 3987 722 4061 ’“Ειχρῷ]ιίο]’τιιπρ.112,
734 3993 912 4045 taruennam
941 3993 1059 4042 fraudavit
1079 3994 1190 4053 incuria,
1210 4004 1284 4058 puto,
1308 3990 1472 4056 typographi:

377 4069 527 4136 θρῖον-θωπί
546 4088 574 4137 p.
584 4072 615 4121 2⁴
629 4090 634 4121 :
647 4077 754 4137 μεγάλων
763 4074 843 4140 ἐνχρῷ
853 4093 913 4136 σνμ-
940 4069 967 4122 ‘0
981 4074 1001 4120 δ’
1016 4075 1083 4131 ἄλλος
1100 4077 1168 4140 λαρός
1187 4094 1224 4128 τις
1239 4074 1271 4128 εἰς
1288 4079 1330 4127 τὴν
1349 4071 1412 4118 ἰθέαν
1426 4076 1474 4117 Καὶ

376 4156 554 4219 μορῶν-γενήσῃ.
566 4148 601 4198 lbi
614 4165 668 4199 mea
677 4160 736 4200 nota
747 4168 772 4216 p.
786 4152 848 4210 250,
859 4168 912 4216 σου
941 4151 1048 4218 φαιδρός·
1066 4151 1115 4199 imo
1129 4154 1217 4216 ἱλαρός.

376 4229 401 4277 in
413 4226 518 4278 Beleclu
527 4226 626 4277 Patrmn
635 4227 780 4278 Sinneriano
789 4228 913 4278 mendosis
974 4228 983 4253 ³
999 4228 1063 4276 Dixit
1081 4228 1145 4284 ὅλαις
1162 4233 1260 4290 ὁρμαῖς,
1278 4230 1366 4282 πάσαις
1383 4230 1476 4294 προθυ-

377 4306 485 4356 numeri!
498 4306 548 4356 280
563 4305 608 4355 fuit
619 4305 732 4370 allegata.
939 4315 1007 4371 μίαις
1018 4323 1043 4370 p.
1056 4308 1103 4362 22.
1119 4307 1157 4360 11,
1175 4306 1214 4354 16.

408 4382 516 4435 'Obiter
533 4382 652 4434 reddatur
667 4399 714 4433 vox
734 4387 812 4453 ἱλαρός
830 4384 912 4433 Theo·
973 4384 984 4411 ⁴
996 4385 1089 4435 Soror:
1102 4389 1203 4454 προθολὴ
1216 4388 1257 4434 τοῦ
1266 4386 1348 4453 ῥητοῦ,

376 4461 438 4514 doro
452 4460 541 4513 Prodr.
554 4460 635 4512 ahod.
651 4463 675 4517 7,
685 4478 711 4528 p.
725 4464 782 4521 317,
797 4478 911 4527 quaeum
974 4462 1034 4511 ‘Sic
1046 4461 1474 4528 opponimus«hleureetl'esprilr.
