3684 5659
451 629 522 698 2⁴20
791 634 826 691 Γ.
855 632 929 691 ΤΟΥ
953 628 1210 692 ΠΑΧΥΜΕΡΟΥΣ

452 773 489 834 τά
506 771 647 860 χείριστα
667 768 866 859 ἐργαζόμενος
884 770 936 832 καί
958 770 1087 843 ἀνιάτως
1107 775 1215 850 νοσῶν,
1234 765 1380 856 ὑποσχεῖν
1396 773 1545 862 τιμωρίαν

451 875 570 956 ἀξιος
551 896 603 951 ην·
626 882 651 943 εί
674 874 707 943 δὲ
729 880 770 966 μὴ
793 880 877 970 παρὰ
895 884 948 943 τοῦ
970 880 1084 970 πατρὸς
1103 885 1179 954 ίσως
1196 870 1304 968 (τοῦτο
1324 880 1384 971 γάρ
1409 883 1541 947 ἀνθυπε-

397 1053 403 1065 ,
451 991 576 1082 νέγκης,
598 983 711 1121 e0333),
739 988 807 1054 ἀλλ’
831 980 881 1053 οῦν
905 991 989 1081 παρὰ
1012 985 1194 1075 παιδευτοῦ,
1220 992 1273 1057 καί
1300 995 1381 1082 ᾡπερ
1407 990 1542 1080 ἐπιμελες

452 1126 487 1173 ην
503 1100 575 1191 ὑπὲρ
594 1100 710 1191 ἑτέρους
727 1103 864 1165 τάκείνου
884 1096 1074 1176 διεξετάζεσθ
1077 1126 1123 1166 αι.

501 1237 517 1269 (ι
531 1193 620 1277 Ᾰλλ’1
636 1211 735 1287 άλλως
747 1235 764 1269 ν
779 1214 881 1302 φησίν,
899 1235 915 1269 ι(
931 1207 992 1276 ἔδει
1008 1213 1058 1276 τόν
1073 1211 1306 1300 πλημμελοῦντα
1322 1213 1538 1304 μετέρχεσθαι·

454 1328 618 1413 στερίσκειν
637 1332 762 1413 τροφῆς,
784 1320 972 1410 ἐνδυμάτων
995 1325 1139 1410 ἀτιμοῦν,
1159 1324 1423 1416 ἀποστρέφεσθαι,
1444 1321 1547 1412 έξελᾷν

452 1442 505 1508 τῆς
522 1434 638 1515 οἰκίας,
659 1432 677 1502 ἢ
695 1459 746 1496 και
738 1432 998 1522 προςαγγέλλειν
1014 1434 1088 1525 πρὸς
1104 1432 1173 1509 τοῦς
1189 1436 1337 1524 κριτάς.
1308 1459 1337 1498 ν.

501 1521 605 1618 Ᾰλλως
629 1539 708 1625 ἔδει,
735 1541 849 1634 λέγεις,
876 1545 928 1607 καί
952 1541 1022 1618 τοῦς
1046 1543 1172 1634 τρόπους
1195 1547 1408 1636 καταριθμείς.
1432 1549 1469 1612 Τί
1491 1543 1545 1631 δέ,

453 1649 587 1728 Οἶδας
570 1678 614 1718 οτι
633 1656 683 1718 καί
703 1654 825 1729 τούτους
846 1653 989 1741 μετῆλθον
1005 1653 1076 1728 τοῦς
1095 1655 1222 1760 τρόπους
1239 1658 1375 1733 πάντας;
1398 1683 1424 1724 ει
1416 1654 1520 1723 ’δ”
1492 1683 1545 1723 ουκ

454 1759 606 1841 οἷδας,’
593 1772 709 1854 εωρτών
738 1764 807 1840 τοὺς
837 1766 974 1855 γείτονας
998 1767 1142 1851 μάνθανε.
1172 1746 1371 1858 Επεστράφην
1400 1768 1544 1845 πολλάκις

453 1874 563 1939 ἐκεῖνον
580 1877 724 1939 νουθετῶν
741 1877 894 1967 πρότερον.
915 1879 942 1940 Ο
960 1871 1044 1940 δέ
1009 1899 1075 1940 οντε
1089 1877 1159 1941 νουθ
1161 1875 1335 1963 ετοῦμενος,
1355 1884 1425 1944 νοῦν
1440 1886 1544 1970 ἤνεγκε

454 1984 584 2075 μέτριον,
611 1983 673 2048 οὔτ’
693 1984 966 2094 ἀποστρεφόμενος,
991 1985 1198 2077 ἐπεστρέφετο·
1222 1985 1328 2052 ἀλλΗ
1309 1987 1544 2077 ἀπηναισχύντει

454 2095 527 2225 πρὸς
549 2097 648 2158 πάντα
675 2092 860 2184 ἐπαγόμενα.
890 2075 1051 2186 Εστέρησα
1076 2104 1201 2225 τρρφῆς·
1231 2095 1299 2161 ἀλλ’
1328 2095 1478 2173 εἰςπηδῶν
1505 2102 1544 2175 εἰς

454 2206 507 2275 τῆν
524 2207 621 2269 οίκίαν
639 2205 808 2291 μείζονα
778 2228 831 2275 την
848 2201 984 2276 δαπάνην
1002 2208 1053 2270 καί
1071 2203 1143 2296 ὑπὲρ
1166 2208 1219 2277 τῆν
1236 2209 1343 2298 χρείαν
1364 2207 1473 2293 ἐτίθει,
1494 2211 1543 2275 καί

455 2317 488 2381 τὸ
510 2312 625 2381 δοκεῖν’
644 2318 788 2407 ἁρπάζειν
810 2312 1017 2392 δεικνυντος’
997 2341 1033 2388 ην
1052 2318 1093 2392 ὡς
1110 2328 1307 2425 καταφρονεῖ,
1332 2346 1385 2384 και
1376 2315 1530 2397 '³33305
1511 2345 1548 2392 ην

456 2423 606 2518 δρασείων
628 2428 668 2491 τά
694 2433 843 2515 αἴσχιστα
866 2429 916 2492 τὸν
937 2427 1125 2493 κωλύσοντα.
1146 2405 1308 2493 Εστιδ”’
1291 2453 1340 2494 οτε
1356 2432 1409 2495 καὶ
1428 2454 1544 2522 παρερ-

455 2541 551 2671 ρίπτει
572 2538 683 2668 λόγους
703 2536 893 2630 ῦθριστικοῦς
912 2541 963 2603 καί
985 2549 1054 2614 ταῖς
1078 2538 1217 2615 ἀπειλαῖς
1225 2539 1383 2669 κατέμιχε
1405 2539 1544 2626 τοῦτονς,

456 2650 497 2724 ὡς
513 2675 565 2714 και
585 2648 654 2723 τοῦς
671 2648 699 2713 ἐν
715 2657 752 2736 τῆ
771 2652 854 2733 οἰκίᾳ
879 2644 1034 2714 δεδίττεσθ
1019 2653 1090 2741 θαι,
1117 2648 1260 2736 μονονοὺκ
1283 2649 1428 2826 ἐπιφέρων
1445 2650 1546 2727 αὐτοῖς

457 2786 508 2824 και
527 2760 560 2823 τό
584 2756 679 2870 ξίφος.
705 2760 858 2846 Γυμνὸν’
840 2768 962 2847 αφῆκα;
982 2759 1050 2825 ἀλλ’
1069 2756 1222 2825 ἐνεδέδυτο
1239 2785 1299 2851 παρ
1302 2763 1351 2826 ευθ
1354 2760 1388 2837 ῦς
1405 2763 1546 2896 ἁρπάζων

457 2871 553 2955 τάμά,
578 2872 727 2955 Ητίμουν;
753 2870 881 2946 ἀλλ’ὡς
905 2867 1068 2962 στέφανον3
1083 2872 1135 2941 τῆν
1152 2868 1342 2962 ῦῦρινειχε,
1364 2873 1417 2936 καί
1435 2874 1475 2937 τά
1490 2897 1545 2959 με·

458 2980 540 3072 γάλα
570 2979 799 3066 ἀπεσεμνῦνετο.
829 2962 949 3056 Εξῆλων
976 2991 1029 3057 τῆς
1057 2985 1173 3062 οίκίας;
1201 2981 1269 3047 ἀλλ’
1299 2982 1354 3046 οῦκ
1383 2982 1543 3074 ἐφρόντιζε

457 3092 692 3184 Προςαγγέλλειν
709 3093 865 3171 ῆπείλουν;
886 3093 953 3158 ἀλλ’
973 3095 1007 3158 οῦ
1025 3092 1173 3182 βούλομαι
1193 3093 1288 3185 λέγειν
1306 3091 1393 3159 οῦδὲν
1413 3089 1453 3160 ὧν
1472 3095 1547 3161 ἐκεῖ·

458 3228 506 3278 νος
523 3204 589 3267 τότε
605 3202 674 3277 τοῦς
691 3203 735 3267 ἐπί
751 3212 804 3279 τῆς
821 3207 948 3296 κρίσεως
966 3206 1061 3297 ἔλεγε.
1082 3208 1191 3280 Πόσσις
1208 3207 1328 3296 τρόποις
1343 3206 1547 3295 ἐπεθαλλόμην

458 3318 683 3407 σωφρονισμοῦ,
703 3316 754 3378 καί
778 3317 885 3390 πάντες
903 3325 956 3392 τῆς
977 3315 1088 3381 ἐκείνου
1111 3312 1268 3392 ἀναιδείας
1290 3316 1457 3408 ἠλέγχοντο
1475 3314 1545 3382 δεῦ-

457 3448 550 3514 τεροι.
570 3424 616 3494 Μῆ
631 3425 690 3515 γάρ
706 3431 769 3489 οἱον
789 3423 837 3488 εῦθ
840 3423 873 3500 ῦς
891 3424 1086 3517 ἐπενεγκόντα
1100 3452 1133 3490 το
1123 3423 1247 3557 ξίφος,
1267 3428 1338 3512 καί,
1359 3423 1464 3514 μηδ’
1452 3432 1546 3492 οτιοῦν

458 3538 768 3626 πραγματευσάμενον
797 3561 938 3628 προτερον
946 3585 955 3620 ,
987 3539 1038 3607 τῆν
1070 3539 1187 3629 σφαγῆν
1214 3537 1436 3628 αὐτουργῆσαι
1464 3519 1545 3605 Ᾱλλά

459 3648 566 3734 χρόνος
585 3647 700 3737 μακρός
718 3647 943 3736 παρεμέτρει
911 3656 953 3711 τῶ
972 3646 1025 3734 μέν
1043 3644 1177 3712 παιδι
1147 3672 1199 3718 την
1216 3651 1340 3728 κακίαν,
1359 3649 1413 3718 τῆν
1432 3644 1461 3712 δ’
1479 3645 1546 3713 όδῦ·

459 3779 509 3825 νην
529 3755 612 3841 ἐμοί,
633 3759 684 3819 καὶ
704 3756 757 3820 οῦκ
773 3753 807 3827 ῆν
825 3759 948 3844 μηχαυῆ
973 3754 1068 3848 διἀῆς
1091 3760 1127 3823 ἀν
1148 3760 1340 3851 ἀπαλλαγείη
1362 3759 1475 3837 ἐκεῖνος
1492 3768 1547 3826 τῶν

459 3868 629 3954 αἰσχίστων
645 3862 793 3959 πράξεων.

507 3973 601 4041 Εἶταί
626 3978 791 4067 συγκρίνεις
813 3979 852 4041 τά
875 3981 955 4051 πάθη
980 3983 1031 4045 καί
1053 3991 1155 4073 χεῖρον
1177 3986 1229 4045 τοῦ
1248 3980 1399 4072 πορνεῦειν
1415 3985 1501 4059 τίθης
1516 3983 1547 4046 τό

458 4097 510 4164 τῆς
528 4093 606 4164 ζωῆς
624 4077 818 4175 ἀπαλλάξαι,
838 4089 892 4155 οῦκ
909 4087 997 4167 εἰδὼς
1014 4094 1054 4167 ὡς
1071 4098 1157 4157 τοῦτο
1175 4090 1227 4179 μὲν
1244 4092 1296 4156 καί
1315 4091 1403 4182 φῦσις
1421 4094 1458 4158 ἀν
1475 4094 1546 4181 μόνη

494 4359 499 4382 ¹
515 4360 611 4408 Schol.:
624 4367 761 4427 μετάληψις.
1053 4367 1061 4389 ³¹
1074 4366 1133 4415 Vide
1145 4385 1171 4430 p.
1186 4369 1249 4427 215,
1265 4384 1288 4415 n.
1305 4369 1329 4414 θ.

493 4435 504 4458 ²
515 4435 595 4484 Codex
606 4475 609 4494 ,
625 4449 657 4502 τῷ
669 4441 750 4489 δοκεῖν.
1051 4442 1060 4465 ⁴⁸
1073 4443 1170 4493 Schola
1184 4451 1241 4509 πρός
1255 4466 1288 4495 τι.
