3684 5659
383 615 453 686 184
720 628 751 685 Γ.
781 621 854 682 ΤΟΥ
879 618 1134 681 ΠΑΧΥΜΕΡΟΥΣ

379 757 413 821 οῦ
437 753 534 847 γρύξω
556 752 672 846 λόγονί,
698 754 732 819 οῦ
757 756 791 819 τὸ
812 756 904 843 τυχὸν
928 757 1054 844 ἀντερῶ.
1080 759 1212 840 Ε’ίσομαι
1235 757 1295 845 γὰρ
1321 757 1408 848 παρὰ
1431 757 1470 843 μὴ

379 866 578 957 φθονούντων,
606 865 673 930 ἀλλ’
696 866 881 955 ἀγαπώντων
903 865 1087 954 κρινόμενος.
1110 844 1266 953 Ᾰγαπνίσω
1290 864 1366 956 παρ’
1391 865 1471 955 ὑμῶν

378 1001 413 1067 γε
436 978 681 1068 καταγνωσθείς,
709 973 748 1045 η’
770 978 854 1065 παρά
878 974 985 1038 τούτου
1011 970 1197 1049 δικαιωθείς.
1226 975 1383 1041 Πιστεύσω
1410 987 1471 1054 τοῖς

379 1086 530 1179 ὑμετέροις
546 1087 646 1178 λόγοις
664 1087 704 1160 ὡς
721 1087 835 1172 νόμοις.
859 1067 984 1149 Ᾰπέλθω
1006 1087 1122 1175 χαίρων
1145 1084 1190 1148 ότι
1212 1088 1403 1177 συκοφάντης
1418 1087 1471 1160 οῦκ

377 1204 487 1285 ἴσχυσε
502 1197 570 1261 κατ’
585 1196 675 1284 ἐμοῦ,
696 1194 761 1260 ἀλλ’
781 1192 887 1287 ἄνδρες
899 1197 1080 1280 νομομαθεῖς
1096 1196 1148 1257 καὶ
1165 1195 1297 1269 ζηλωταὶ
1311 1197 1470 1264 πολιτικῶν

379 1307 451 1372 ἐθῶν
468 1309 518 1372 καί
537 1310 669 1394 νομίμων
691 1308 946 1397 κατακεκρίκασι.
975 1309 1038 1368 Κάν
1058 1328 1103 1379 τις
1126 1306 1200 1396 πρὸς
1225 1309 1316 1397 χάριν
1336 1330 1469 1400 συνηγο-

377 1427 438 1508 ρεῖν
463 1418 559 1501 θέλοι,
586 1420 638 1482 καὶ
662 1417 833 1509 θεραπεύειν
855 1417 907 1485 τὴν
928 1415 1034 1498 λύπην,
1056 1415 1110 1479 οῦκ
1129 1412 1331 1504 ἀποδέξομαι.
1351 1419 1469 1485 Μᾶλλον
1526 1447 1528 1454 ·

377 1525 446 1614 ὑμῖν
468 1527 619 1593 πιστεύσω
642 1525 902 1603 καταδικάζουσιν
926 1527 945 1596 ἢ
969 1526 1079 1617 ἑτέροις
1102 1522 1378 1618 ἀπογινώσκουσιν.
1402 1510 1469 1620 Ιλρῶ

376 1640 443 1703 τότε
468 1640 507 1714 ὡς
529 1639 614 1713 πόλις
635 1664 671 1726 με
695 1648 782 1704 πάσα
799 1637 972 1727 κατέκρινε,
992 1639 1044 1701 καὶ
1065 1646 1118 1712 τῆς
1136 1646 1236 1712 κοινῆς
1253 1634 1367 1721 βουλῆς
1382 1641 1470 1727 νόμος

341 1759 343 1764 ’
378 1747 515 1841 ἀπεῖρξε,
539 1751 695 1841 κρινόντων
715 1748 845 1833 ἐκείνων,
872 1747 989 1811 ἐκείνων
1007 1744 1222 1837 ἐξηγουμένων.
1249 1750 1300 1822 Τίς
1323 1748 1469 1842 ἐχέγγυος

377 1860 477 1936 άλλως
492 1866 544 1925 τοῦ
559 1860 662 1924 λοιποῦ
678 1856 850 1949 ἐξηγεῖσθαι
867 1859 917 1923 τὸν
934 1861 1036 1946 νόμον,
1054 1860 1105 1922 καί
1126 1862 1243 1923 ἀθωοῦν
1260 1858 1291 1923 ὃν
1309 1861 1469 1952 ἀπροσπα-

379 1971 437 2044 θὼς
455 1970 539 2034 αῦτοί
558 1972 790 2060 κατακρίνουσιν
797 1990 808 2048 ;

426 2060 542 2169 Ᾰγαπώ
559 2079 646 2169 κάγὼ
666 2079 718 2148 τὴν
737 2082 837 2165 τιμήν.
857 2082 916 2143 Καὶ
935 2087 997 2154 πῶς
1018 2081 1077 2170 γάρ
1095 2081 1148 2157 οῦ;
1169 2081 1325 2171 ἄνθρωπος
1342 2084 1399 2162 ὤν,
1416 2083 1465 2146 καί

377 2188 516 2264 τοιαύτης
538 2189 660 2263 πολίτης
682 2189 816 2272 πόλεως,
836 2189 909 2254 ὅπου
930 2191 1111 2279 καταίρουσι
1128 2189 1281 2254 πλεῖστοι·
1303 2193 1357 2255 καὶ
1379 2189 1467 2267 πολὺς
1495 2232 1497 2236 -

377 2307 435 2363 τῶν
451 2295 588 2387 ἐντίμων8
600 2301 615 2363 ὁ
629 2304 715 2391 θροῦς
731 2287 802 2390 παρ’
821 2299 941 2384 αὐτοῖς,
964 2299 1036 2364 ὅπου
1054 2310 1170 2392 φανεῖεν
1187 2309 1240 2375 τῆς
1255 2301 1373 2377 πόλεως
1390 2297 1468 2393 διερ-

377 2412 498 2498 χόμενοι
508 2457 518 2491 ,
536 2409 627 2486 πολὺς
645 2411 660 2474 ὁ
677 2413 742 2502 περὶ
762 2409 860 2475 αὐτῶν
877 2410 966 2501 λόγος
982 2410 1122 2486 ἐκείνοις·
1142 2436 1158 2469 «
1171 2401 1267 2487 Οῦτος
1282 2436 1298 2470 υ
1315 2409 1467 2503 λέγουσινι

377 2545 393 2578 «
408 2523 423 2585 ὁ
439 2523 600 2613 περιφανὴς
620 2518 799 2606 βουλευτής·
824 2521 934 2596 ἐκεῖνος
955 2522 970 2585 ὁ
994 2528 1117 2611 ἄριστος
1137 2523 1324 2612 στρατηγός·
1344 2522 1465 2598 άλλοςὸ

376 2635 415 2697 τὰ
438 2635 525 2697 κοινά
551 2636 689 2722 πράττων
716 2628 865 2708 δικαίως·
892 2631 1015 2707 τούτους
1040 2642 1130 2720 τιμᾷν
1159 2629 1224 2715 δεῖ,
1250 2636 1303 2697 καί
1330 2633 1465 2721 τιμητέον

377 2743 486 2819 αῦτοῦς
498 2746 568 2830 ἡμῖν
583 2743 646 2807 ἐστι’
654 2790 663 2827 ,
683 2741 775 2820 ξένοις
792 2768 826 2835 γε
844 2736 929 2827 οῦσι,
949 2747 1115 2808 καὶταῦτα
1132 2746 1185 2809 καὶ
1203 2752 1377 2836 προςτατῶν
1392 2748 1465 2836 χρῄ-

558 2831 573 2856 el

377 2860 477 2929 ζουσιν
493 2879 521 2917 ν.
547 2856 622 2917 Οθεν
643 2856 695 2917 καί
717 2853 950 2944 προςέρχονται,
973 2857 1025 2919 καὶ
1048 2864 1176 2942 τιμῶσι,
1198 2857 1250 2920 καί
1272 2851 1464 2947 δωροφοροῦ-

377 2959 451 3045 σινΰ,
474 2964 513 3036 ὡς
539 2959 635 3038 ἀξιον.
664 2963 780 3033 Ταύτην
807 2966 918 3053 ἀγαπῶ
943 2967 1030 3055 κάγὼ
1056 2967 1108 3035 τὴν
1133 2967 1233 3052 τιμήν.
1259 2945 1408 3055 ὁμολογῶ
1432 2967 1464 3030 τὸ

375 3077 488 3149 πάθος·
511 3074 584 3137 θέλω
598 3075 758 3165 περιφανὴς
776 3071 869 3159 εἶναι,
891 3075 965 3139 θέλω
980 3075 1185 3166 περίῦλεπτος.
1206 3078 1260 3150 Εἰς
1276 3077 1380 3167 τί·γάρ
1394 3075 1463 3141 ἄλλο

376 3186 427 3247 καὶ
444 3186 482 3247 τά
496 3184 591 3248 πολλά
605 3186 793 3268 κεκοπίακα,
810 3189 881 3270 καί,
897 3186 996 3250 ἀλλων
1010 3182 1134 3261 ἡδοναῖς
1149 3182 1389 3268 δουλευσάντων,
1407 3186 1463 3278 ἐγὼ

376 3302 533 3385 σωφρονῶν
549 3296 599 3359 τὸν
613 3292 680 3380 βίον
695 3294 881 3387 ἐρρύθμιζον,
898 3296 916 3366 ἢ
932 3299 1050 3370 πάντως
1065 3295 1101 3360 ἵν’
1116 3299 1157 3371 εἰς
1175 3298 1279 3388 καιρὸν
1296 3306 1356 3362 τῶν
1372 3299 1463 3362 πόνων

376 3401 534 3496 δρέψωμαι
547 3405 616 3481 τοῦς
629 3405 780 3497 καρπούς,
801 3388 944 3493 ίίττὼμαι
959 3407 1147 3493 φιλοτιμίας,
1165 3404 1206 3471 δι’
1220 3409 1256 3478 ἣν
1270 3405 1460 3473 ἐσπούδασα.

374 3496 516 3602 ίίττὼμαι
534 3511 640 3600 δόξης,
661 3511 696 3590 ἧς
714 3514 800 3580 ἕνεκα
817 3527 1015 3606 προςεκτικώς
1029 3521 1103 3593 ἔζων
1119 3520 1170 3581 καὶ
1188 3519 1460 3610 σνντετηρημένως,

375 3627 431 3689 κάν
453 3633 481 3689 εί
499 3650 526 3688 τι
546 3628 597 3689 καὶ
622 3630 706 3717 παρὰ
726 3633 778 3691 τοῦ
798 3630 910 3717 πατρὸς
930 3631 1049 3718 ἔφερον,
1074 3618 1243 3714 ἀπαλεῖψαι
1262 3628 1354 3693 θέλων
1372 3629 1462 3695 ἐκεῖνο

374 3737 425 3798 καὶ
450 3735 659 3824 μετεγγράψαι
680 3739 718 3799 τά
736 3740 903 3827 κρείττονα.
925 3715 1034 3802 ἐίθελον
1053 3735 1106 3802 διά
1124 3735 1308 3822 βίουταῦτα
1326 3750 1462 3832 παρεῖναι

374 3847 425 3910 καί
444 3855 567 3931 κοσμεῖν
585 3871 621 3932 με
639 3849 689 3910 καί
709 3847 883 3937 μεγαλύνειν
900 3851 1087 3940 φαινόμενον.

407 4042 415 4068 ¹
430 4043 465 4091 De
475 4047 566 4110 γρύζειν
578 4060 603 4107 ρ.
616 4044 646 4098 4,
661 4059 684 4091 n.
701 4046 723 4092 1.
932 4054 995 4092 mate
1008 4043 1205 4107 distingueretur,
1219 4051 1322 4108 λέγουσιν
1335 4048 1404 4096 lieret
1417 4045 1462 4094 da-

407 4118 417 4144 ¹
429 4121 525 4184 Ellipsis
534 4121 559 4169 fit
569 4120 675 4169 adverbii
688 4123 783 4184 μᾶλλον.
933 4124 1003 4170 ιῖνιιο.

407 4197 542 4249 δκὐιιιιεεε
559 4203 646 4248 omissa
661 4215 674 4248 a
689 4199 786 4249 librario
805 4216 905 4263 praepo-
949 4198 1029 4248 ·⁵Sic
1056 4198 1148 4257 codex,
1177 4201 1357 4270 δωροφοροῦσιν.
1385 4202 1460 4251 Malim

372 4275 903 4345 sitiompt'noxiemp!rev‚...sedsubau·
932 4280 1102 4346 δορυφοροῦσιν.
1133 4277 1239 4339 Quorum
1273 4281 1402 4331 verborum
1431 4279 1459 4327 de

371 4352 436 4400 ditur
446 4355 545 4415 passim.
931 4357 1108 4419 permutatione
1127 4357 1209 4406 monui
1228 4358 1259 4406 ad
1274 4359 1367 4408 Anecd.
1380 4357 1457 4412 Nova,

406 4427 472 4479 ‘sic
493 4432 578 4481 codex.
603 4433 627 4480 Si
646 4444 701 4497 post
720 4436 812 4488 ἐκείνοις
832 4447 902 4481 com·
930 4451 956 4496 p.
968 4436 1023 4482 3:30.
1040 4435 1077 4483 Cf.
1091 4434 1164 4482 Thes.
1181 4434 1237 4484 Did.
1252 4435 1281 4485 V.
1294 4441 1440 4505 Δωροφορῖυ.
1517 4500 1520 4509 Ι
