3684 5659
444 593 458 659 ί
468 587 514 658 06
778 595 813 654 Γ.
842 594 916 654 ΤΟΥ
942 589 1200 655 ΠΑΧΥΜΕΡΟΥΣ

440 729 491 792 τόν
503 728 710 819 ταλαίπωρον,
725 728 771 801 τίς
784 725 821 789 όιν
835 724 949 817 ἐγένετο
966 734 1030 801 τοῖς
1047 724 1180 809 ἐκείνου,
1199 726 1250 790 καί
1268 733 1332 801 πῶς
1351 718 1537 804 κατεδέξατο

441 840 493 910 τήν
507 840 581 932 πρός
597 837 667 914 τοὺς
681 839 809 912 οἰκείους
824 835 936 902 ἐκείνου
952 833 1134 924 κηδεμονίαν
1151 835 1336 923 ὑποστῆναι,
1355 837 1374 908 ἢ
1391 839 1450 926 μὴν
1468 840 1537 906 ῖλα·

441 950 572 1040 ρότητα,
602 951 654 1014 καί
682 947 726 1039 ἐρ’
755 949 839 1034 ἡμῶν
864 943 993 1038 ἀδελφόν
1018 946 1115 1039 λέγειν
1142 946 1252 1012 ἐκεῖνον
1278 949 1330 1012 καί
1357 951 1397 1013 τὰ
1421 945 1538 1017 δυνατὰ

442 1062 647 1143 οἰκτίζεσθαι,
664 1059 696 1124 όν
709 1059 760 1124 καί
779 1058 836 1150 πρό
854 1057 965 1123 πολλοῦ
985 1059 1114 1122 θανόντα
1130 1067 1227 1145 μισεῖ;
1246 1057 1340 1123 Πάλιν
1359 1055 1393 1124 δὲ
1411 1060 1539 1128 πνέοντα

441 1169 511 1234 κατ’
530 1169 660 1254 ἐκείνου,
681 1170 733 1234 καί
750 1150 997 1259 κατηγοροῦντα,
1016 1170 1068 1233 καῖ
1084 1165 1168 1244 ἄξιον
1184 1171 1315 1234 θανάτου
1334 1171 1539 1262 ἀποφαινόμε-

441 1302 502 1357 νον,
519 1282 621 1356 καθὼς
634 1285 683 1345 νῦν
696 1280 748 1345 καί
768 1277 892 1343 ἀκούετε
906 1277 1050 1369 λέγοντα,
1070 1286 1129 1344 τῶν
1142 1275 1300 1344 οίδυνοίτων
1313 1275 1350 1352 ἦν
1365 1281 1440 1375 παρ’
1456 1280 1539 1371 ὑμῶν

442 1389 534 1481 εὑρεῖν
552 1392 604 1461 τὴν
621 1390 828 1481 συγχώρησιν.

489 1502 548 1565 Καὶ
573 1497 764 1592 πρῶτονμὲν
787 1500 802 1564 ὁ
822 1500 931 1592 τρόπος
951 1498 1057 1565 τούτου
1079 1499 1132 1564 καί
1157 1500 1191 1564 τό
1216 1499 1326 1576 ἀπηνές
1349 1496 1422 1577 ἦθος
1444 1497 1541 1581 οὕτως

441 1609 600 1682 ὑποτίθησι
622 1611 664 1699 μὴ
691 1610 838 1676 σκώπτειν
862 1607 913 1697 ἐμὲ
939 1611 993 1681 τὴν
1018 1608 1111 1674 αὐτοῦ
1138 1616 1275 1682 αἴτησιν·
1304 1606 1441 1705 δεύτερον
1466 1608 1541 1678 δἐό

441 1720 583 1813 ὑμέτερος
604 1722 713 1813 τρόπος
730 1722 746 1786 ό
764 1721 867 1813 ἱλαρός
886 1722 938 1785 καί
960 1719 1179 1812 φιλάνθρωπος.
1199 1696 1256 1814 ,ἐρ’
1276 1723 1312 1787 ἂν
1333 1718 1539 1800 κατεδέξασθε

441 1833 498 1897 κᾶν
520 1836 653 1898 ἀκοῦσαι
677 1832 726 1897 τόν
749 1831 836 1923 λόγον
857 1833 943 1915 τότε,
969 1833 1021 1896 καί
1035 1830 1100 1896 ὀὐκ
1123 1830 1209 1908 εὐθὺς
1232 1828 1462 1919 ἀνεπηδήσατε,
1485 1835 1537 1900 καί

442 1945 597 2036 ἀριστείαν
611 1942 724 2014 ἐκείνην
738 1944 790 2007 καί
808 1942 951 2033 τρόπαιον
964 1943 1016 2009 καί
1034 1943 1135 2005 ποίντα
1149 1943 1238 2006 τάκεῖ
1254 1942 1344 2034 λῆρον
1358 1944 1536 2035 ἡγήσασθε,

442 2052 487 2119 ὅτι
511 2054 597 2145 ρόνος
617 2051 801 2127 ἀκούσαντες
819 2048 1009 2143 πέπρακται1
1025 2053 1076 2116 καῖ
1099 2050 1223 2127 πολίτης
1244 2054 1330 2144 παρὰ
1349 2055 1471 2119 τοντουῖ
1486 2059 1539 2119 τοῦ

442 2162 589 2254 ἀριστέως
608 2166 660 2228 τοῦ
685 2163 862 2249 θαυμαστοῦ
885 2158 1129 2254 διαπέπρακται,
1149 2139 1225 2227 ὅθεν
1241 2162 1295 2228 οὐκ
1312 2166 1391 2252 ἔχων
1408 2163 1540 2231 ἐπαινεῖν

441 2278 546 2338 τοῦτον
561 2272 615 2344 τὴν
634 2268 759 2363 πρᾶξιν,
786 2271 898 2337 ἐπαινῶ
915 2272 968 2344 τίον
986 2267 1143 2356 διοίνοιαν,
1172 2270 1218 2338 ότι
1240 2269 1317 2338 οὔτω
1339 2274 1393 2345 τὴν
1417 2282 1540 2348 αίτησιν

444 2385 660 2473 μετεχείρισεν.

490 2497 526 2559 Εἰ
545 2491 616 2558 καῖ’
632 2483 717 2568 οὗτος
732 2491 952 2583 συγκαλύπτων
966 2499 1041 2569 ἴσως
1058 2492 1135 2585 ἐρεῖ,
1156 2494 1196 2570 ὡς
1213 2518 1228 2550 ι(
1243 2469 1352 2570 θξεστί
1368 2521 1420 2582 μοι
1439 2499 1538 2571 ζητεῖν

441 2605 543 2681 καθὼς
563 2601 766 2696 προῃρούμην,
791 2604 842 2667 καί
864 2602 924 2691 οὐχ
944 2601 1024 2691 ὑμεῖς
1047 2602 1117 2679 τοὺς
1138 2604 1293 2696 ὁρίζοντας
1312 2607 1392 2694 ἔχειν
1411 2606 1483 2671 καθ’
1502 2604 1535 2672 ὃν

440 2717 549 2807 τρόπον
565 2710 625 2779 ἔδει
642 2713 695 2778 καὶ
716 2713 769 2783 τὴν
788 2708 904 2805 δωρεὰν
921 2708 1091 2789 ἐξαιτεῖν».
1111 2693 1198 2780 Ᾰλλόι
1216 2710 1292 2799 δεῖθ,
1312 2709 1462 2809 ὦᾶνδρες
1477 2707 1538 2782 πο-

441 2826 543 2908 λῖται,
565 2818 612 2888 δεῖ
627 2822 744 2888 τοιαῦτ’
763 2822 876 2914 ἐφεῖναι
892 2833 988 2890 ποιεῖν
1005 2823 1075 2900 τοὺς
1094 2833 1148 2900 τῆς
1168 2824 1315 2915 ἡμετέρας
1333 2816 1461 2903 πολίταςΙ
1478 2827 1539 2893 πό·

442 2935 533 3018 λεως;
554 2933 635 2999 καλοί
653 2959 688 3023 γε
711 2938 809 2998 ταῦτα
826 2935 878 2998 καί
901 2941 941 3022 τῇ
956 2933 1040 2998 πόλει
1057 2931 1267 3028 συμφέρονται
1282 2938 1316 3001 τό
1332 2937 1441 3028 τρόπον
1459 2945 1538 3003 συῶν

441 3041 571 3138 ἁγρίων“
587 3043 656 3110 κατ’
682 3044 817 3116 ἀλλήλων
843 3045 945 3135 θήγειν
966 3046 1022 3120 τὰς
1042 3040 1144 3121 δεξιὰς
1162 3045 1344 3138 ἐπιτρέπειν,
1366 3046 1538 3139 ἐπιτρέψετε

443 3152 477 3220 δέ
490 3164 571 3240 πὼς;
587 3156 722 3238 πάντως,
743 3158 767 3220 εί
781 3155 867 3247 παρόι
880 3156 985 3248 μικρὸν
999 3157 1039 3219 τὰ
1055 3154 1151 3244 τούτῳ
1170 3159 1267 3229 θείητε
1283 3156 1470 3246 τολμηθέντα
1486 3159 1537 3224 καῖ

442 3267 483 3352 μή
499 3264 584 3342 εὐθὺς
596 3267 669 3358 πρός
681 3266 714 3331 τὸ
729 3275 867 3360 τιμωρεῖν
885 3265 937 3329 καί
955 3264 1095 3341 κολάζειν
1113 3262 1326 3360 διεγερθείητε.
1345 3273 1397 3332 Δεῖ
1416 3270 1477 3361 γὰρ
1495 3262 1538 3345 οἷς

442 3375 569 3454 ἕκαστος
590 3381 653 3467 ἔχει
677 3379 730 3443 καί
753 3372 898 3458 δύναται,
924 3381 1023 3441 ταῦτα
1048 3385 1154 3454 κοινῶς
1181 3378 1354 3469 προτιθέναι
1376 3387 1413 3468 τῇ
1434 3378 1537 3463 πόλει,

441 3620 527 3677 μίιοις.
546 3615 652 3664 loannes
664 3613 752 3677 Chrys.
771 3611 796 3660 in
817 3608 975 3675 Eutropium,
1003 3613 1078 3662 θαινε.
1091 3610 1305 3677 -Shakesperius
1314 3612 1421 3664 Ηεοτίοο
1432 3613 1537 3667 Octavo:

442 3690 459 3756 §
473 3693 486 3738 3
499 3711 505 3740 :
517 3697 643 3742 καὶταῦτα
655 3695 713 3754 λέγω
724 3689 764 3740 οὐκ
779 3691 925 3752 ἐπεμθαίνων
943 3697 976 3755 τῷ
1006 3705 1018 3731 ι
1031 3689 1070 3739 'tis
1083 3704 1098 3738 a
1109 3689 1203 3754 cruelty
1214 3689 1250 3738 Το
1264 3689 1321 3740 {aad
1332 3707 1346 3740 a
1356 3690 1442 3756 falling
1453 3707 1538 3742 man».

441 3776 548 3836 κειμένῳ.
574 3769 691 3820 Rursus:
715 3766 755 3818 οὐκ
784 3766 911 3827 ὀνειδίζων,
937 3764 977 3816 οὐκ
1037 3765 1101 3816 ‘Sic
1110 3767 1197 3817 codex.
1208 3767 1321 3818 Fortasse
1331 3768 1539 3835 transponendum

441 3852 586 3914 ἐπεμθαίνων
599 3858 629 3917 τῇ
646 3855 762 3915 συμφορᾷ.
782 3842 926 3894 Plutarchus
941 3843 978 3894 De
1004 3849 1076 3912 πίττρ.
1091 3847 1129 3894 οἰκ.

442 3927 520 3980 Genio
530 3927 598 3978 Socr.
611 3924 628 3992 §
639 3927 671 3974 22
684 3944 691 3974 ι
703 3927 816 3975 κατίθαλι
824 3929 922 3990 πονηρὸν
935 3923 978 3972 ἄν·
1037 3920 1047 3947 ¹
1058 3921 1153 3972 schoht
1169 3924 1316 3988 &mmm

442 4013 548 4077 θρωπον,
569 4008 587 4074 ᾧ
606 4011 646 4055 καί
665 4005 717 4068 μεθ’
732 4008 820 4071 ἡμέραν
838 4005 976 4058 ἐπινέθηταν
1037 3999 1152 4051 ³schah:
1165 4007 1178 4059 ἡ
1191 4006 1251 4058 θέσις
1261 4003 1392 4061 ἀκόλουθος.

441 4093 481 4136 καί
505 4090 666 4154 προςίπτυσοιν
692 4083 732 4134 οὒκ
757 4082 836 4146 θλίγαι
861 4089 975 4144 γυναῖκες.
1037 4076 1176 4128 ⁴Vocabuli
1205 4084 1352 4148 συμφέροντα
1377 4077 1466 4128 littera
1488 4076 1541 4128 fere

441 4162 616 4230 Aristophanes
626 4162 656 4212 N.
666 4160 731 4212 545:
744 4159 785 4218 οΟς
797 4165 907 4225 μέγιστον
919 4159 977 4210 ὄντα
1003 4167 1060 4208 sunt
1082 4156 1205 4216 evanida,
1222 4172 1269 4208 nec
1293 4155 1395 4207 nitidum
1415 4157 1543 4223 sequentis

375 4252 378 4258 '
441 4246 526 4292 Κλέων’
536 4242 613 4292 ἐπαισ’
623 4242 645 4300 ἐς
657 4248 699 4298 τήν
711 4245 823 4309 γαστέρα,
836 4238 898 4289 Koba
907 4239 975 4288 ἐτόλ-
1004 4238 1141 4303 ἐπιτρέψετε
1149 4234 1252 4286 initium.
1269 4233 1305 4284 De
1318 4249 1374 4285 mea
1383 4234 1492 4287 lectione
1501 4234 1540 4283 vix

442 4322 497 4384 μησ’
521 4315 586 4378 αὖθις
612 4319 758 4385 ἐπεμπηδῆσ’
779 4317 843 4386 αιίτῷ
868 4321 976 4381 κειμένῳ.
1004 4324 1085 4364 tamen
1098 4313 1193 4363 dubito.

441 4398 529 4449 Noster
541 4398 602 4449 infra
614 4397 749 4462 composito
761 4406 842 4447 utetur
856 4399 977 4457 κατιπῖμ-
1038 4391 1151 4460 δΤρίτον
1165 4388 1234 4458 συῶν]
1249 4390 1306 4441 vide
1318 4406 1344 4456 p.
1358 4391 1401 4452 84,
1413 4407 1438 4440 n.
1454 4389 1480 4441 θ.
