<?xml version="1.0" encoding="UTF-8"?>
<!DOCTYPE html PUBLIC "-//W3C//DTD XHTML 1.0 Transitional//EN"
    "http://www.w3.org/TR/xhtml1/DTD/xhtml1-transitional.dtd">
<html xmlns="http://www.w3.org/1999/xhtml" xml:lang="en" lang="en">
 <head>
  <title>
</title>
<meta http-equiv="Content-Type" content="text/html;charset=utf-8" />
  <meta name='ocr-system' content='tesseract 3.04.00' />
  <meta name='ocr-capabilities' content='ocr_page ocr_carea ocr_par ocr_line ocrx_word'/>
</head>
<body>
  <div class='ocr_page' id='page_1' title='image "./gpachymerisdecl00hiergoog_0152.png"; bbox 0 0 3684 5659; ppageno 0'>
   <div class='ocr_carea' id='block_1_1' title="bbox 428 589 1536 3028">
    <p class='ocr_par' dir='ltr' id='par_1_1' title="bbox 441 589 1194 668">
     <span class='ocr_line' id='line_1_1' title="bbox 441 589 1194 668; baseline -0.013 -7"><span class='ocrx_word' id='word_1_1' title='bbox 441 589 511 662; x_wconf 68' lang='lat'>128</span> <span class='ocrx_word' id='word_1_2' title='bbox 656 663 661 668; x_wconf 74' lang='grc'>,</span> <span class='ocrx_word' id='word_1_3' title='bbox 779 601 812 659; x_wconf 81' lang='lat' dir='ltr'>r.</span> <span class='ocrx_word' id='word_1_4' title='bbox 841 594 915 654; x_wconf 77' lang='grc' dir='ltr'>νον</span> <span class='ocrx_word' id='word_1_5' title='bbox 940 590 1194 653; x_wconf 74' lang='grc' dir='ltr'>ιιΑΧιιιΕΡονΣ</span> 
     </span>
    </p>

    <p class='ocr_par' dir='ltr' id='par_1_2' title="bbox 428 711 1536 2152">
     <span class='ocr_line' id='line_1_2' title="bbox 428 711 1532 821; baseline -0.003 -27"><span class='ocrx_word' id='word_1_6' title='bbox 428 757 430 760; x_wconf 93' lang='grc'><em>·</em></span> <span class='ocrx_word' id='word_1_7' title='bbox 487 711 600 821; x_wconf 72' lang='grc' dir='ltr'>Ερωτῶ</span> <span class='ocrx_word' id='word_1_8' title='bbox 618 725 708 820; x_wconf 52' lang='grc' dir='ltr'>χοίρί.</span> <span class='ocrx_word' id='word_1_9' title='bbox 728 729 763 791; x_wconf 91' lang='grc' dir='ltr'>Τί</span> <span class='ocrx_word' id='word_1_10' title='bbox 786 723 871 792; x_wconf 72' lang='grc' dir='ltr'>δοκεῖ</span> <span class='ocrx_word' id='word_1_11' title='bbox 888 731 990 814; x_wconf 85' lang='grc' dir='ltr'>μεῖζον</span> <span class='ocrx_word' id='word_1_12' title='bbox 1011 725 1098 814; x_wconf 86' lang='grc' dir='ltr'>ὑμῖν,</span> <span class='ocrx_word' id='word_1_13' title='bbox 1124 724 1232 819; x_wconf 77' lang='grc' dir='ltr'>ἡῦπέρ</span> <span class='ocrx_word' id='word_1_14' title='bbox 1255 732 1307 801; x_wconf 83' lang='grc' dir='ltr'>τῆς</span> <span class='ocrx_word' id='word_1_15' title='bbox 1324 725 1440 803; x_wconf 85' lang='grc' dir='ltr'>πόλεως</span> <span class='ocrx_word' id='word_1_16' title='bbox 1458 729 1532 816; x_wconf 82' lang='grc' dir='ltr'>ἀρι-</span> 
     </span>
     <span class='ocr_line' id='line_1_3' title="bbox 438 835 1534 931; baseline -0.002 -25"><span class='ocrx_word' id='word_1_17' title='bbox 438 844 526 907; x_wconf 89' lang='grc' dir='ltr'>στεία</span> <span class='ocrx_word' id='word_1_18' title='bbox 543 838 573 917; x_wconf 84' lang='grc' dir='ltr'>ἐξ</span> <span class='ocrx_word' id='word_1_19' title='bbox 583 835 619 917; x_wconf 77' lang='grc' dir='ltr'>ἧς</span> <span class='ocrx_word' id='word_1_20' title='bbox 636 841 688 907; x_wconf 79' lang='grc' dir='ltr'>καὶ</span> <span class='ocrx_word' id='word_1_21' title='bbox 707 839 741 904; x_wconf 86' lang='grc' dir='ltr'>τὸ</span> <span class='ocrx_word' id='word_1_22' title='bbox 760 847 845 923; x_wconf 80' lang='grc' dir='ltr'>νικᾷν</span> <span class='ocrx_word' id='word_1_23' title='bbox 867 836 937 926; x_wconf 84' lang='grc' dir='ltr'>ὑμῖν</span> <span class='ocrx_word' id='word_1_24' title='bbox 957 838 1091 930; x_wconf 72' lang='grc' dir='ltr'>γέγονεν,</span> <span class='ocrx_word' id='word_1_25' title='bbox 1115 838 1134 908; x_wconf 80' lang='grc' dir='ltr'>ῦ</span> <span class='ocrx_word' id='word_1_26' title='bbox 1150 840 1169 909; x_wconf 81' lang='grc' dir='ltr'>ἡ</span> <span class='ocrx_word' id='word_1_27' title='bbox 1186 842 1238 903; x_wconf 88' lang='grc' dir='ltr'>τοῦ</span> <span class='ocrx_word' id='word_1_28' title='bbox 1256 839 1349 925; x_wconf 83' lang='grc' dir='ltr'>νόμον</span> <span class='ocrx_word' id='word_1_29' title='bbox 1365 841 1534 931; x_wconf 85' lang='grc' dir='ltr'>παραθεώ-</span> 
     </span>
     <span class='ocr_line' id='line_1_4' title="bbox 437 947 1535 1044; baseline -0.001 -28"><span class='ocrx_word' id='word_1_30' title='bbox 437 972 542 1044; x_wconf 86' lang='grc' dir='ltr'>ριοσις;</span> <span class='ocrx_word' id='word_1_31' title='bbox 563 953 682 1039; x_wconf 81' lang='grc' dir='ltr'><strong>Νόμος,</strong></span> <span class='ocrx_word' id='word_1_32' title='bbox 702 947 806 1037; x_wconf 82' lang='grc' dir='ltr'>οἶμαι,</span> <span class='ocrx_word' id='word_1_33' title='bbox 825 950 850 1014; x_wconf 84' lang='grc' dir='ltr'>εί</span> <span class='ocrx_word' id='word_1_34' title='bbox 864 949 938 1040; x_wconf 87' lang='grc' dir='ltr'>πρὸς</span> <span class='ocrx_word' id='word_1_35' title='bbox 954 949 1060 1042; x_wconf 85' lang='grc' dir='ltr'>καιρὸν</span> <span class='ocrx_word' id='word_1_36' title='bbox 1073 950 1338 1040; x_wconf 84' lang='grc' dir='ltr'>παραθεωρηθείιο,</span> <span class='ocrx_word' id='word_1_37' title='bbox 1363 950 1535 1015; x_wconf 83' lang='grc' dir='ltr'>καὶταῦτα</span> 
     </span>
     <span class='ocr_line' id='line_1_5' title="bbox 439 1059 1536 1156; baseline -0.003 -28"><span class='ocrx_word' id='word_1_38' title='bbox 439 1063 485 1128; x_wconf 84' lang='grc' dir='ltr'>ε’ττί</span> <span class='ocrx_word' id='word_1_39' title='bbox 503 1062 702 1156; x_wconf 86' lang='grc' dir='ltr'>συμφέροντι,</span> <span class='ocrx_word' id='word_1_40' title='bbox 720 1061 782 1126; x_wconf 87' lang='grc' dir='ltr'>έπεί</span> <span class='ocrx_word' id='word_1_41' title='bbox 800 1063 852 1126; x_wconf 84' lang='grc' dir='ltr'>καί</span> <span class='ocrx_word' id='word_1_42' title='bbox 866 1059 913 1125; x_wconf 78' lang='grc' dir='ltr'>ἐπὶ</span> <span class='ocrx_word' id='word_1_43' title='bbox 929 1059 1105 1152; x_wconf 90' lang='grc' dir='ltr'>συμφέροντι</span> <span class='ocrx_word' id='word_1_44' title='bbox 1122 1059 1311 1151; x_wconf 74' lang='grc' dir='ltr'>γέγραπται,</span> <span class='ocrx_word' id='word_1_45' title='bbox 1326 1059 1418 1125; x_wconf 82' lang='grc' dir='ltr'>πάλιν</span> <span class='ocrx_word' id='word_1_46' title='bbox 1433 1070 1536 1151; x_wconf 84' lang='grc' dir='ltr'>τηρεῖ-</span> 
     </span>
     <span class='ocr_line' id='line_1_6' title="bbox 438 1169 1531 1263; baseline -0.002 -26"><span class='ocrx_word' id='word_1_47' title='bbox 438 1198 489 1239; x_wconf 86' lang='grc' dir='ltr'>ται</span> <span class='ocrx_word' id='word_1_48' title='bbox 506 1182 542 1262; x_wconf 78' lang='grc' dir='ltr'>τῇ</span> <span class='ocrx_word' id='word_1_49' title='bbox 561 1173 645 1238; x_wconf 86' lang='grc' dir='ltr'>πόλει</span> <span class='ocrx_word' id='word_1_50' title='bbox 659 1174 807 1260; x_wconf 83' lang='grc' dir='ltr'>κείμενος·</span> <span class='ocrx_word' id='word_1_51' title='bbox 825 1172 898 1255; x_wconf 88' lang='grc' dir='ltr'>καί,</span> <span class='ocrx_word' id='word_1_52' title='bbox 921 1174 946 1235; x_wconf 86' lang='grc' dir='ltr'>εἰ</span> <span class='ocrx_word' id='word_1_53' title='bbox 959 1171 1171 1263; x_wconf 81' lang='grc' dir='ltr'>παρορώμενος</span> <span class='ocrx_word' id='word_1_54' title='bbox 1182 1171 1222 1234; x_wconf 90' lang='grc' dir='ltr'>τά</span> <span class='ocrx_word' id='word_1_55' title='bbox 1239 1169 1360 1261; x_wconf 80' lang='grc' dir='ltr'>μεγάλοι</span> <span class='ocrx_word' id='word_1_56' title='bbox 1376 1169 1531 1260; x_wconf 81' lang='grc' dir='ltr'>ὠφέλησε,</span> 
     </span>
     <span class='ocr_line' id='line_1_7' title="bbox 438 1279 1536 1375; baseline -0.002 -27"><span class='ocrx_word' id='word_1_57' title='bbox 438 1282 540 1370; x_wconf 82' lang='grc' dir='ltr'>πολλῷ</span> <span class='ocrx_word' id='word_1_58' title='bbox 550 1308 584 1375; x_wconf 76' lang='grc' dir='ltr'>χε</span> <span class='ocrx_word' id='word_1_59' title='bbox 595 1283 709 1371; x_wconf 84' lang='grc' dir='ltr'>μᾶλλον</span> <span class='ocrx_word' id='word_1_60' title='bbox 721 1279 901 1375; x_wconf 81' lang='grc' dir='ltr'>τηροῦμενος</span> <span class='ocrx_word' id='word_1_61' title='bbox 912 1280 1021 1346; x_wconf 84' lang='grc' dir='ltr'>ἄλλοτε</span> <span class='ocrx_word' id='word_1_62' title='bbox 1032 1282 1072 1344; x_wconf 91' lang='grc' dir='ltr'>τά</span> <span class='ocrx_word' id='word_1_63' title='bbox 1084 1279 1215 1371; x_wconf 74' lang='grc' dir='ltr'>μέγιστα</span> <span class='ocrx_word' id='word_1_64' title='bbox 1225 1279 1400 1370; x_wconf 78' lang='grc' dir='ltr'>ὠφελήσειε.</span> <span class='ocrx_word' id='word_1_65' title='bbox 1412 1285 1536 1372; x_wconf 87' lang='grc' dir='ltr'>Παρεω-</span> 
     </span>
     <span class='ocr_line' id='line_1_8' title="bbox 438 1383 1534 1520; baseline -0.001 -63"><span class='ocrx_word' id='word_1_66' title='bbox 438 1395 496 1484; x_wconf 86' lang='grc' dir='ltr'>ράθ</span> <span class='ocrx_word' id='word_1_67' title='bbox 497 1419 517 1465; x_wconf 82' lang='grc' dir='ltr'><strong>η</strong></span> <span class='ocrx_word' id='word_1_68' title='bbox 533 1394 640 1485; x_wconf 85' lang='grc' dir='ltr'>μικρὸν</span> <span class='ocrx_word' id='word_1_69' title='bbox 658 1400 733 1470; x_wconf 90' lang='grc' dir='ltr'>’ίσως</span> <span class='ocrx_word' id='word_1_70' title='bbox 752 1386 846 1482; x_wconf 85' lang='grc' dir='ltr'>(οῦτω</span> <span class='ocrx_word' id='word_1_71' title='bbox 861 1394 922 1485; x_wconf 79' lang='grc' dir='ltr'>χάρ</span> <span class='ocrx_word' id='word_1_72' title='bbox 946 1383 1132 1520; x_wconf 71' lang='grc' dir='ltr'>συνέφερεν),</span> <span class='ocrx_word' id='word_1_73' title='bbox 1156 1389 1211 1455; x_wconf 90' lang='grc' dir='ltr'>οῦκ</span> <span class='ocrx_word' id='word_1_74' title='bbox 1227 1389 1395 1482; x_wconf 78' lang='grc' dir='ltr'>ἠκῦρωται.</span> <span class='ocrx_word' id='word_1_75' title='bbox 1386 1392 1534 1457; x_wconf 81' lang='grc' dir='ltr'>,Κείσθω</span> 
     </span>
     <span class='ocr_line' id='line_1_9' title="bbox 437 1498 1536 1614; baseline -0.002 -44"><span class='ocrx_word' id='word_1_76' title='bbox 437 1510 475 1592; x_wconf 75' lang='grc' dir='ltr'>τῇ</span> <span class='ocrx_word' id='word_1_77' title='bbox 491 1504 609 1570; x_wconf 85' lang='grc' dir='ltr'>πίλει’</span> <span class='ocrx_word' id='word_1_78' title='bbox 590 1506 867 1614; x_wconf 78' lang='grc' dir='ltr'>απαρεχχείρητος,</span> <span class='ocrx_word' id='word_1_79' title='bbox 889 1504 943 1569; x_wconf 87' lang='grc' dir='ltr'>καὶ</span> <span class='ocrx_word' id='word_1_80' title='bbox 961 1501 1073 1590; x_wconf 84' lang='grc' dir='ltr'>μενέτω</span> <span class='ocrx_word' id='word_1_81' title='bbox 1090 1526 1137 1578; x_wconf 88' lang='grc' dir='ltr'>τις</span> <span class='ocrx_word' id='word_1_82' title='bbox 1152 1503 1206 1572; x_wconf 75' lang='grc' dir='ltr'>τὴν</span> <span class='ocrx_word' id='word_1_83' title='bbox 1223 1498 1305 1578; x_wconf 83' lang='grc' dir='ltr'>ε’ξ’</span> <span class='ocrx_word' id='word_1_84' title='bbox 1271 1526 1365 1567; x_wconf 90' lang='grc' dir='ltr'>αυτου</span> <span class='ocrx_word' id='word_1_85' title='bbox 1349 1501 1536 1593; x_wconf 81' lang='grc' dir='ltr'>’φυλαττο-</span> 
     </span>
     <span class='ocr_line' id='line_1_10' title="bbox 439 1580 1534 1707; baseline -0.002 -26"><span class='ocrx_word' id='word_1_86' title='bbox 439 1640 528 1703; x_wconf 87' lang='grc' dir='ltr'>μενον</span> <span class='ocrx_word' id='word_1_87' title='bbox 544 1615 701 1707; x_wconf 86' lang='grc' dir='ltr'>ὠφέλειαν.</span> <span class='ocrx_word' id='word_1_88' title='bbox 720 1619 796 1705; x_wconf 89' lang='grc' dir='ltr'>Εχει</span> <span class='ocrx_word' id='word_1_89' title='bbox 809 1615 944 1681; x_wconf 86' lang='grc' dir='ltr'>πάλιν</span> <span class='ocrx_word' id='word_1_90' title='bbox 915 1639 950 1679; x_wconf 89' lang='grc' dir='ltr'>το</span> <span class='ocrx_word' id='word_1_91' title='bbox 963 1618 1054 1706; x_wconf 84' lang='grc' dir='ltr'>κῦρος</span> <span class='ocrx_word' id='word_1_92' title='bbox 1067 1615 1144 1701; x_wconf 87' lang='grc' dir='ltr'>μετά</span> <span class='ocrx_word' id='word_1_93' title='bbox 1161 1621 1220 1678; x_wconf 91' lang='grc' dir='ltr'>τῶν</span> <span class='ocrx_word' id='word_1_94' title='bbox 1237 1580 1351 1695; x_wconf 86' lang='grc' dir='ltr'>ἀλλων,</span> <span class='ocrx_word' id='word_1_95' title='bbox 1365 1639 1419 1677; x_wconf 91' lang='grc' dir='ltr'>και</span> <span class='ocrx_word' id='word_1_96' title='bbox 1409 1608 1534 1679; x_wconf 81' lang='grc' dir='ltr'>διπλᾶ</span> 
     </span>
     <span class='ocr_line' id='line_1_11' title="bbox 439 1723 1534 1820; baseline -0.003 -28"><span class='ocrx_word' id='word_1_97' title='bbox 439 1725 571 1820; x_wconf 86' lang='grc' dir='ltr'>στρέφων</span> <span class='ocrx_word' id='word_1_98' title='bbox 588 1751 633 1803; x_wconf 90' lang='grc' dir='ltr'>τις</span> <span class='ocrx_word' id='word_1_99' title='bbox 652 1731 774 1804; x_wconf 89' lang='grc' dir='ltr'>τοῦτον,</span> <span class='ocrx_word' id='word_1_100' title='bbox 800 1726 888 1814; x_wconf 88' lang='grc' dir='ltr'>μόνον</span> <span class='ocrx_word' id='word_1_101' title='bbox 909 1723 955 1791; x_wconf 83' lang='grc' dir='ltr'>ἐπ’</span> <span class='ocrx_word' id='word_1_102' title='bbox 978 1723 1080 1810; x_wconf 79' lang='grc' dir='ltr'>εὐνοίᾳ</span> <span class='ocrx_word' id='word_1_103' title='bbox 1094 1732 1148 1801; x_wconf 81' lang='grc' dir='ltr'>τῆς</span> <span class='ocrx_word' id='word_1_104' title='bbox 1167 1723 1342 1806; x_wconf 85' lang='grc' dir='ltr'>πόλεως,’</span> <span class='ocrx_word' id='word_1_105' title='bbox 1323 1723 1534 1815; x_wconf 80' lang='grc' dir='ltr'>ἀμφοτέρωθεν</span> 
     </span>
     <span class='ocr_line' id='line_1_12' title="bbox 440 1826 1534 1927; baseline -0.002 -24"><span class='ocrx_word' id='word_1_106' title='bbox 440 1841 504 1927; x_wconf 84' lang='grc' dir='ltr'>ἔχει</span> <span class='ocrx_word' id='word_1_107' title='bbox 521 1848 585 1915; x_wconf 85' lang='grc' dir='ltr'>τοῖς</span> <span class='ocrx_word' id='word_1_108' title='bbox 601 1847 712 1913; x_wconf 81' lang='grc' dir='ltr'>κοινοῖς</span> <span class='ocrx_word' id='word_1_109' title='bbox 727 1837 888 1903; x_wconf 86' lang='grc' dir='ltr'>συντελεῖν.</span> <span class='ocrx_word' id='word_1_110' title='bbox 908 1836 1022 1927; x_wconf 85' lang='grc' dir='ltr'>Καιρὸν</span> <span class='ocrx_word' id='word_1_111' title='bbox 1037 1835 1138 1901; x_wconf 86' lang='grc' dir='ltr'>λοιπὸν</span> <span class='ocrx_word' id='word_1_112' title='bbox 1152 1826 1217 1926; x_wconf 85' lang='grc' dir='ltr'>εῦρε</span> <span class='ocrx_word' id='word_1_113' title='bbox 1232 1835 1325 1924; x_wconf 84' lang='grc' dir='ltr'>τυχὸν</span> <span class='ocrx_word' id='word_1_114' title='bbox 1337 1837 1391 1900; x_wconf 82' lang='grc' dir='ltr'>καί</span> <span class='ocrx_word' id='word_1_115' title='bbox 1409 1837 1468 1926; x_wconf 85' lang='grc' dir='ltr'>πρὸ</span> <span class='ocrx_word' id='word_1_116' title='bbox 1480 1842 1534 1903; x_wconf 91' lang='grc' dir='ltr'>τοῦ</span> 
     </span>
     <span class='ocr_line' id='line_1_13' title="bbox 439 1941 1535 2043; baseline 0 -30"><span class='ocrx_word' id='word_1_117' title='bbox 439 1951 512 2040; x_wconf 86' lang='grc' dir='ltr'>πρὸς</span> <span class='ocrx_word' id='word_1_118' title='bbox 527 1974 562 2014; x_wconf 93' lang='grc' dir='ltr'>το</span> <span class='ocrx_word' id='word_1_119' title='bbox 551 1949 714 2041; x_wconf 85' lang='grc' dir='ltr'>ὠφελεῖν·</span> <span class='ocrx_word' id='word_1_120' title='bbox 729 1948 835 2043; x_wconf 85' lang='grc' dir='ltr'>καιρὸν</span> <span class='ocrx_word' id='word_1_121' title='bbox 855 1948 996 2037; x_wconf 81' lang='grc' dir='ltr'>ἀναμένει</span> <span class='ocrx_word' id='word_1_122' title='bbox 1011 1949 1063 2013; x_wconf 87' lang='grc' dir='ltr'>καί</span> <span class='ocrx_word' id='word_1_123' title='bbox 1083 1946 1187 2033; x_wconf 88' lang='grc' dir='ltr'>πάλιν,</span> <span class='ocrx_word' id='word_1_124' title='bbox 1207 1947 1260 2011; x_wconf 85' lang='grc' dir='ltr'>καί</span> <span class='ocrx_word' id='word_1_125' title='bbox 1279 1944 1370 2010; x_wconf 81' lang='grc' dir='ltr'>πάλιν</span> <span class='ocrx_word' id='word_1_126' title='bbox 1385 1941 1477 2024; x_wconf 78' lang='grc' dir='ltr'>δείξει</span> <span class='ocrx_word' id='word_1_127' title='bbox 1493 1949 1535 2013; x_wconf 86' lang='grc' dir='ltr'>τά</span> 
     </span>
     <span class='ocr_line' id='line_1_14' title="bbox 439 2060 707 2171; baseline 0.008 -48"><span class='ocrx_word' id='word_1_128' title='bbox 439 2062 561 2148; x_wconf 83' lang='grc' dir='ltr'>ἔσχατοι</span> <span class='ocrx_word' id='word_1_129' title='bbox 574 2060 707 2171; x_wconf 84' lang='grc' dir='ltr'>ὠφελῶν.</span> 
     </span>
    </p>

    <p class='ocr_par' dir='ltr' id='par_1_3' title="bbox 440 2167 1534 3012">
     <span class='ocr_line' id='line_1_15' title="bbox 488 2167 1531 2280; baseline 0.002 -45"><span class='ocrx_word' id='word_1_130' title='bbox 488 2173 524 2235; x_wconf 91' lang='grc' dir='ltr'>Τί</span> <span class='ocrx_word' id='word_1_131' title='bbox 540 2167 594 2237; x_wconf 84' lang='grc' dir='ltr'>θε·</span> <span class='ocrx_word' id='word_1_132' title='bbox 584 2219 595 2254; x_wconf 96' lang='grc'>,</span> <span class='ocrx_word' id='word_1_133' title='bbox 613 2175 689 2236; x_wconf 89' lang='grc' dir='ltr'>Εστι</span> <span class='ocrx_word' id='word_1_134' title='bbox 705 2175 758 2239; x_wconf 86' lang='grc' dir='ltr'>καὶ</span> <span class='ocrx_word' id='word_1_135' title='bbox 773 2181 809 2262; x_wconf 76' lang='grc' dir='ltr'>τῇ</span> <span class='ocrx_word' id='word_1_136' title='bbox 823 2174 982 2266; x_wconf 81' lang='grc' dir='ltr'>ἀριστείᾳ,</span> <span class='ocrx_word' id='word_1_137' title='bbox 1006 2174 1031 2236; x_wconf 84' lang='grc' dir='ltr'>εί</span> <span class='ocrx_word' id='word_1_138' title='bbox 1052 2171 1134 2236; x_wconf 88' lang='grc' dir='ltr'>κατά</span> <span class='ocrx_word' id='word_1_139' title='bbox 1150 2169 1255 2280; x_wconf 83' lang='grc' dir='ltr'>καιρὸν</span> <span class='ocrx_word' id='word_1_140' title='bbox 1273 2171 1436 2257; x_wconf 86' lang='grc' dir='ltr'>συμπίπτει</span> <span class='ocrx_word' id='word_1_141' title='bbox 1454 2195 1531 2253; x_wconf 89' lang='grc' dir='ltr'>τινι,</span> 
     </span>
     <span class='ocr_line' id='line_1_16' title="bbox 440 2281 1533 2375; baseline 0.001 -29"><span class='ocrx_word' id='word_1_142' title='bbox 440 2285 634 2375; x_wconf 85' lang='grc' dir='ltr'>παρορᾶσθαι</span> <span class='ocrx_word' id='word_1_143' title='bbox 656 2282 697 2358; x_wconf 86' lang='grc' dir='ltr'>ὡς</span> <span class='ocrx_word' id='word_1_144' title='bbox 717 2281 859 2349; x_wconf 74' lang='grc' dir='ltr'>ι’ίλλοτεν</span> <span class='ocrx_word' id='word_1_145' title='bbox 846 2308 921 2360; x_wconf 90' lang='grc' dir='ltr'>ισως</span> <span class='ocrx_word' id='word_1_146' title='bbox 941 2302 1159 2375; x_wconf 75' lang='grc' dir='ltr'>γενησομένης</span> <span class='ocrx_word' id='word_1_147' title='bbox 1148 2328 1160 2361; x_wconf 88' lang='grc'>,</span> <span class='ocrx_word' id='word_1_148' title='bbox 1179 2283 1310 2346; x_wconf 88' lang='grc' dir='ltr'>Εστιν</span> <span class='ocrx_word' id='word_1_149' title='bbox 1286 2290 1378 2349; x_wconf 89' lang='grc' dir='ltr'>ειπεῖν</span> <span class='ocrx_word' id='word_1_150' title='bbox 1393 2291 1431 2371; x_wconf 76' lang='grc' dir='ltr'>τῇ</span> <span class='ocrx_word' id='word_1_151' title='bbox 1447 2281 1533 2374; x_wconf 76' lang='grc' dir='ltr'>Τύχῃ</span> 
     </span>
     <span class='ocr_line' id='line_1_17' title="bbox 440 2385 1532 2488; baseline 0.003 -30"><span class='ocrx_word' id='word_1_152' title='bbox 440 2392 559 2485; x_wconf 78' lang='grc' dir='ltr'>ρεψάσῃ</span> <span class='ocrx_word' id='word_1_153' title='bbox 580 2391 633 2459; x_wconf 80' lang='grc' dir='ltr'>εἴτ’</span> <span class='ocrx_word' id='word_1_154' title='bbox 656 2391 708 2483; x_wconf 84' lang='grc' dir='ltr'>ἀφ’</span> <span class='ocrx_word' id='word_1_155' title='bbox 731 2392 840 2472; x_wconf 78' lang='grc' dir='ltr'>ἑαυτῆς</span> <span class='ocrx_word' id='word_1_156' title='bbox 856 2389 940 2486; x_wconf 82' lang='grc' dir='ltr'>(θεὸς</span> <span class='ocrx_word' id='word_1_157' title='bbox 956 2397 1015 2488; x_wconf 80' lang='grc' dir='ltr'>γάρ</span> <span class='ocrx_word' id='word_1_158' title='bbox 1034 2395 1086 2459; x_wconf 83' lang='grc' dir='ltr'>καί</span> <span class='ocrx_word' id='word_1_159' title='bbox 1106 2385 1217 2480; x_wconf 79' lang='grc' dir='ltr'>αῦτη),</span> <span class='ocrx_word' id='word_1_160' title='bbox 1240 2400 1298 2458; x_wconf 84' lang='grc' dir='ltr'>εἴτε</span> <span class='ocrx_word' id='word_1_161' title='bbox 1315 2395 1368 2459; x_wconf 84' lang='grc' dir='ltr'>καί</span> <span class='ocrx_word' id='word_1_162' title='bbox 1390 2393 1532 2480; x_wconf 82' lang='grc' dir='ltr'>ἄλλοθεν,</span> 
     </span>
     <span class='ocr_line' id='line_1_18' title="bbox 441 2499 1531 2636; baseline 0.002 -67"><span class='ocrx_word' id='word_1_163' title='bbox 441 2503 576 2634; x_wconf 81' lang='grc' dir='ltr'>ἀρτέρων</span> <span class='ocrx_word' id='word_1_164' title='bbox 593 2507 688 2588; x_wconf 89' lang='grc' dir='ltr'>τισίν,</span> <span class='ocrx_word' id='word_1_165' title='bbox 706 2513 783 2572; x_wconf 81' lang='grc' dir='ltr'>εἴποι</span> <span class='ocrx_word' id='word_1_166' title='bbox 804 2531 867 2592; x_wconf 89' lang='grc' dir='ltr'>τις,</span> <span class='ocrx_word' id='word_1_167' title='bbox 887 2504 1096 2595; x_wconf 69' lang='grc' dir='ltr'>συμπλοκαῖςς</span> <span class='ocrx_word' id='word_1_168' title='bbox 1120 2527 1135 2561; x_wconf 75' lang='grc' dir='ltr'>κ</span> <span class='ocrx_word' id='word_1_169' title='bbox 1149 2502 1194 2568; x_wconf 89' lang='grc' dir='ltr'>Οῦ</span> <span class='ocrx_word' id='word_1_170' title='bbox 1214 2503 1290 2569; x_wconf 89' lang='grc' dir='ltr'>θέλω</span> <span class='ocrx_word' id='word_1_171' title='bbox 1307 2499 1394 2636; x_wconf 72' lang='grc' dir='ltr'>δῶρα</span> <span class='ocrx_word' id='word_1_172' title='bbox 1411 2506 1452 2570; x_wconf 89' lang='grc' dir='ltr'>τά</span> <span class='ocrx_word' id='word_1_173' title='bbox 1470 2508 1531 2591; x_wconf 88' lang='grc' dir='ltr'>σά,</span> 
     </span>
     <span class='ocr_line' id='line_1_19' title="bbox 441 2614 1531 2744; baseline 0.004 -64"><span class='ocrx_word' id='word_1_174' title='bbox 441 2639 476 2679; x_wconf 89' lang='grc' dir='ltr'>ου</span> <span class='ocrx_word' id='word_1_175' title='bbox 464 2614 605 2682; x_wconf 75' lang='grc' dir='ltr'>’θέλω”</span> <span class='ocrx_word' id='word_1_176' title='bbox 581 2640 651 2709; x_wconf 93' lang='grc' dir='ltr'>αρτι</span> <span class='ocrx_word' id='word_1_177' title='bbox 664 2627 763 2702; x_wconf 85' lang='grc' dir='ltr'>νικᾷν·</span> <span class='ocrx_word' id='word_1_178' title='bbox 781 2621 940 2707; x_wconf 79' lang='grc' dir='ltr'>ἀνάμεινον</span> <span class='ocrx_word' id='word_1_179' title='bbox 953 2620 994 2693; x_wconf 86' lang='grc' dir='ltr'>εἰς</span> <span class='ocrx_word' id='word_1_180' title='bbox 1011 2639 1131 2744; x_wconf 90' lang='grc' dir='ltr'>καιρον,</span> <span class='ocrx_word' id='word_1_181' title='bbox 1151 2614 1288 2687; x_wconf 81' lang='grc' dir='ltr'>ε’ττίστηθί</span> <span class='ocrx_word' id='word_1_182' title='bbox 1298 2640 1350 2703; x_wconf 90' lang='grc' dir='ltr'>μοι</span> <span class='ocrx_word' id='word_1_183' title='bbox 1368 2615 1399 2693; x_wconf 85' lang='grc' dir='ltr'>ἐς</span> <span class='ocrx_word' id='word_1_184' title='bbox 1413 2616 1531 2703; x_wconf 85' lang='grc' dir='ltr'>νέωτα,</span> 
     </span>
     <span class='ocr_line' id='line_1_20' title="bbox 442 2723 1534 2821; baseline 0.005 -31"><span class='ocrx_word' id='word_1_185' title='bbox 442 2728 494 2790; x_wconf 85' lang='grc' dir='ltr'>καί</span> <span class='ocrx_word' id='word_1_186' title='bbox 513 2723 590 2791; x_wconf 86' lang='grc' dir='ltr'>οῦτω</span> <span class='ocrx_word' id='word_1_187' title='bbox 612 2731 737 2799; x_wconf 80' lang='grc' dir='ltr'>νικήσω·</span> <span class='ocrx_word' id='word_1_188' title='bbox 759 2731 811 2794; x_wconf 86' lang='grc' dir='ltr'>καί</span> <span class='ocrx_word' id='word_1_189' title='bbox 834 2726 911 2794; x_wconf 84' lang='grc' dir='ltr'>οῦτω</span> <span class='ocrx_word' id='word_1_190' title='bbox 935 2730 1026 2819; x_wconf 90' lang='grc' dir='ltr'>χάρις</span> <span class='ocrx_word' id='word_1_191' title='bbox 1043 2725 1096 2814; x_wconf 91' lang='grc' dir='ltr'>μέν</span> <span class='ocrx_word' id='word_1_192' title='bbox 1113 2751 1162 2792; x_wconf 89' lang='grc' dir='ltr'>σοι</span> <span class='ocrx_word' id='word_1_193' title='bbox 1184 2725 1257 2819; x_wconf 87' lang='grc' dir='ltr'>παρ’</span> <span class='ocrx_word' id='word_1_194' title='bbox 1276 2726 1369 2815; x_wconf 81' lang='grc' dir='ltr'>ἐμοῦ,</span> <span class='ocrx_word' id='word_1_195' title='bbox 1388 2731 1482 2821; x_wconf 77' lang='grc' dir='ltr'>χάρις</span> <span class='ocrx_word' id='word_1_196' title='bbox 1498 2725 1534 2796; x_wconf 82' lang='grc' dir='ltr'>δε</span> 
     </span>
     <span class='ocr_line' id='line_1_21' title="bbox 442 2832 1532 2934; baseline 0.006 -34"><span class='ocrx_word' id='word_1_197' title='bbox 442 2838 534 2923; x_wconf 83' lang='grc' dir='ltr'>κάμοὶ</span> <span class='ocrx_word' id='word_1_198' title='bbox 561 2838 683 2929; x_wconf 81' lang='grc' dir='ltr'>παρὰ.</span> <span class='ocrx_word' id='word_1_199' title='bbox 671 2847 729 2904; x_wconf 91' lang='grc' dir='ltr'>τῶν</span> <span class='ocrx_word' id='word_1_200' title='bbox 754 2837 1035 2933; x_wconf 77' lang='grc' dir='ltr'>εῦερχετηθέντων’</span> <span class='ocrx_word' id='word_1_201' title='bbox 1022 2835 1160 2920; x_wconf 79' lang='grc' dir='ltr'>εςεῐται’,</span> <span class='ocrx_word' id='word_1_202' title='bbox 1188 2832 1234 2914; x_wconf 82' lang='grc' dir='ltr'>οἷς</span> <span class='ocrx_word' id='word_1_203' title='bbox 1262 2841 1304 2915; x_wconf 88' lang='grc' dir='ltr'>είς</span> <span class='ocrx_word' id='word_1_204' title='bbox 1329 2840 1435 2932; x_wconf 83' lang='grc' dir='ltr'>καιρὸν</span> <span class='ocrx_word' id='word_1_205' title='bbox 1460 2842 1532 2934; x_wconf 83' lang='grc' dir='ltr'>ἠρί-</span> 
     </span>
     <span class='ocr_line' id='line_1_22' title="bbox 442 2970 603 3028; baseline 0.007 -18"><span class='ocrx_word' id='word_1_206' title='bbox 442 2970 556 3012; x_wconf 90' lang='grc' dir='ltr'>στευσα</span> <span class='ocrx_word' id='word_1_207' title='bbox 569 2970 603 3028; x_wconf 76' lang='lat'>»5</span> 
     </span>
    </p>
   </div>
   <div class='ocr_carea' id='block_1_2' title="bbox 491 3038 1534 3152">
    <p class='ocr_par' dir='ltr' id='par_1_4' title="bbox 491 3038 1534 3152">
     <span class='ocr_line' id='line_1_23' title="bbox 491 3038 1534 3152; baseline 0.008 -30"><span class='ocrx_word' id='word_1_208' title='bbox 491 3038 517 3122; x_wconf 73' lang='grc' dir='ltr'>Ιί</span> <span class='ocrx_word' id='word_1_209' title='bbox 533 3060 673 3150; x_wconf 89' lang='grc' dir='ltr'>ἀριστεία</span> <span class='ocrx_word' id='word_1_210' title='bbox 685 3061 739 3132; x_wconf 78' lang='grc' dir='ltr'>τὴν</span> <span class='ocrx_word' id='word_1_211' title='bbox 754 3061 840 3127; x_wconf 86' lang='grc' dir='ltr'>πόλιν</span> <span class='ocrx_word' id='word_1_212' title='bbox 854 3060 1035 3147; x_wconf 72' lang='grc' dir='ltr'>συνέστησε,</span> <span class='ocrx_word' id='word_1_213' title='bbox 1048 3064 1100 3127; x_wconf 82' lang='grc' dir='ltr'>καί</span> <span class='ocrx_word' id='word_1_214' title='bbox 1115 3057 1230 3127; x_wconf 74' lang='grc' dir='ltr'>δέδωκε</span> <span class='ocrx_word' id='word_1_215' title='bbox 1242 3063 1337 3152; x_wconf 76' lang='grc' dir='ltr'>ταύτῃ</span> <span class='ocrx_word' id='word_1_216' title='bbox 1351 3066 1404 3128; x_wconf 82' lang='grc' dir='ltr'>καί</span> <span class='ocrx_word' id='word_1_217' title='bbox 1423 3073 1487 3141; x_wconf 85' lang='grc' dir='ltr'>τοῖς</span> <span class='ocrx_word' id='word_1_218' title='bbox 1502 3063 1534 3129; x_wconf 82' lang='grc' dir='ltr'>ἐν</span> 
     </span>
    </p>
   </div>
   <div class='ocr_carea' id='block_1_3' title="bbox 440 3167 1534 3940">
    <p class='ocr_par' dir='ltr' id='par_1_5' title="bbox 442 3167 1534 3488">
     <span class='ocr_line' id='line_1_24' title="bbox 443 3167 1534 3264; baseline 0.009 -33"><span class='ocrx_word' id='word_1_219' title='bbox 443 3167 537 3258; x_wconf 76' lang='grc' dir='ltr'>ταύτῃ</span> <span class='ocrx_word' id='word_1_220' title='bbox 559 3173 695 3262; x_wconf 86' lang='grc' dir='ltr'>χρᾶσθαι</span> <span class='ocrx_word' id='word_1_221' title='bbox 713 3167 831 3259; x_wconf 66' lang='grc' dir='ltr'>νόμοις8</span> <span class='ocrx_word' id='word_1_222' title='bbox 845 3181 910 3248; x_wconf 83' lang='grc' dir='ltr'>τοῖς</span> <span class='ocrx_word' id='word_1_223' title='bbox 927 3171 1074 3259; x_wconf 89' lang='grc' dir='ltr'>κειμένοις</span> <span class='ocrx_word' id='word_1_224' title='bbox 1092 3172 1268 3264; x_wconf 78' lang='grc' dir='ltr'>ἐλευθέρως,</span> <span class='ocrx_word' id='word_1_225' title='bbox 1286 3176 1339 3240; x_wconf 85' lang='grc' dir='ltr'>καὶ</span> <span class='ocrx_word' id='word_1_226' title='bbox 1356 3180 1462 3241; x_wconf 86' lang='grc' dir='ltr'>τοῦτον</span> <span class='ocrx_word' id='word_1_227' title='bbox 1480 3174 1534 3263; x_wconf 83' lang='grc' dir='ltr'>μὲν</span> 
     </span>
     <span class='ocr_line' id='line_1_25' title="bbox 442 3267 1533 3377; baseline 0.009 -34"><span class='ocrx_word' id='word_1_228' title='bbox 442 3285 549 3372; x_wconf 80' lang='grc' dir='ltr'>κυροῦν</span> <span class='ocrx_word' id='word_1_229' title='bbox 562 3286 680 3367; x_wconf 90' lang='grc' dir='ltr'>τοῦτον,</span> <span class='ocrx_word' id='word_1_230' title='bbox 698 3278 728 3348; x_wconf 84' lang='grc' dir='ltr'>θ’</span> <span class='ocrx_word' id='word_1_231' title='bbox 742 3285 886 3376; x_wconf 78' lang='grc' dir='ltr'>ἀκυροῦν,</span> <span class='ocrx_word' id='word_1_232' title='bbox 904 3286 957 3350; x_wconf 85' lang='grc' dir='ltr'>καί</span> <span class='ocrx_word' id='word_1_233' title='bbox 979 3286 1119 3377; x_wconf 85' lang='grc' dir='ltr'>πράττειν</span> <span class='ocrx_word' id='word_1_234' title='bbox 1133 3287 1173 3362; x_wconf 88' lang='grc' dir='ltr'>ὡς</span> <span class='ocrx_word' id='word_1_235' title='bbox 1190 3284 1365 3371; x_wconf 82' lang='grc' dir='ltr'>βούλονται.</span> <span class='ocrx_word' id='word_1_236' title='bbox 1385 3267 1463 3353; x_wconf 53' lang='lat' dir='ltr'>fin&amp;</span> <span class='ocrx_word' id='word_1_237' title='bbox 1479 3293 1533 3353; x_wconf 90' lang='grc' dir='ltr'>τοῦ</span> 
     </span>
     <span class='ocr_line' id='line_1_26' title="bbox 442 3392 1222 3488; baseline 0.008 -32"><span class='ocrx_word' id='word_1_238' title='bbox 442 3393 537 3481; x_wconf 88' lang='grc' dir='ltr'>νόμον</span> <span class='ocrx_word' id='word_1_239' title='bbox 550 3395 720 3488; x_wconf 86' lang='grc' dir='ltr'>παρόρασις</span> <span class='ocrx_word' id='word_1_240' title='bbox 733 3392 820 3462; x_wconf 74' lang='grc' dir='ltr'>οῦδὲν</span> <span class='ocrx_word' id='word_1_241' title='bbox 837 3395 1004 3484; x_wconf 84' lang='grc' dir='ltr'>ἐλυμήνατο</span> <span class='ocrx_word' id='word_1_242' title='bbox 1018 3407 1081 3473; x_wconf 83' lang='grc' dir='ltr'>τοῖς</span> <span class='ocrx_word' id='word_1_243' title='bbox 1098 3407 1222 3475; x_wconf 85' lang='grc' dir='ltr'>κοινοῖς.</span> 
     </span>
    </p>

    <p class='ocr_par' dir='ltr' id='par_1_6' title="bbox 440 3501 1533 3940">
     <span class='ocr_line' id='line_1_27' title="bbox 490 3501 1531 3601; baseline 0.009 -32"><span class='ocrx_word' id='word_1_244' title='bbox 490 3509 527 3570; x_wconf 91' lang='grc' dir='ltr'>Εί</span> <span class='ocrx_word' id='word_1_245' title='bbox 546 3501 581 3571; x_wconf 85' lang='grc' dir='ltr'>θὲ</span> <span class='ocrx_word' id='word_1_246' title='bbox 601 3503 724 3593; x_wconf 85' lang='grc' dir='ltr'>βούλει,</span> <span class='ocrx_word' id='word_1_247' title='bbox 740 3507 865 3596; x_wconf 82' lang='grc' dir='ltr'>πέμψας</span> <span class='ocrx_word' id='word_1_248' title='bbox 884 3507 956 3583; x_wconf 84' lang='grc' dir='ltr'>τοῦς</span> <span class='ocrx_word' id='word_1_249' title='bbox 972 3509 1132 3596; x_wconf 83' lang='grc' dir='ltr'>πολεμίους</span> <span class='ocrx_word' id='word_1_250' title='bbox 1149 3508 1310 3600; x_wconf 82' lang='grc' dir='ltr'>ἐρώτησον.</span> <span class='ocrx_word' id='word_1_251' title='bbox 1329 3514 1459 3601; x_wconf 80' lang='grc' dir='ltr'>Μαθήοῃ</span> <span class='ocrx_word' id='word_1_252' title='bbox 1478 3515 1531 3578; x_wconf 83' lang='grc' dir='ltr'>καί</span> 
     </span>
     <span class='ocr_line' id='line_1_28' title="bbox 440 3611 1533 3709; baseline 0.009 -30"><span class='ocrx_word' id='word_1_253' title='bbox 440 3618 526 3706; x_wconf 83' lang='grc' dir='ltr'>παρὰ</span> <span class='ocrx_word' id='word_1_254' title='bbox 539 3626 598 3682; x_wconf 92' lang='grc' dir='ltr'>τῶν</span> <span class='ocrx_word' id='word_1_255' title='bbox 610 3617 738 3709; x_wconf 83' lang='grc' dir='ltr'>ἐχθρῶν,</span> <span class='ocrx_word' id='word_1_256' title='bbox 756 3611 788 3684; x_wconf 89' lang='grc' dir='ltr'>εῦ</span> <span class='ocrx_word' id='word_1_257' title='bbox 807 3615 897 3705; x_wconf 80' lang='grc' dir='ltr'>οἷθα,</span> <span class='ocrx_word' id='word_1_258' title='bbox 914 3620 947 3684; x_wconf 87' lang='grc' dir='ltr'>τὸ</span> <span class='ocrx_word' id='word_1_259' title='bbox 962 3619 1088 3697; x_wconf 87' lang='grc' dir='ltr'>ἀληθές,</span> <span class='ocrx_word' id='word_1_260' title='bbox 1107 3624 1136 3683; x_wconf 92' lang='grc' dir='ltr'>τί</span> <span class='ocrx_word' id='word_1_261' title='bbox 1150 3623 1183 3684; x_wconf 86' lang='grc' dir='ltr'>τὸ</span> <span class='ocrx_word' id='word_1_262' title='bbox 1199 3619 1336 3692; x_wconf 81' lang='grc' dir='ltr'>λυπῆσαν</span> <span class='ocrx_word' id='word_1_263' title='bbox 1353 3622 1483 3708; x_wconf 89' lang='grc' dir='ltr'>αῦτοῦς,</span> <span class='ocrx_word' id='word_1_264' title='bbox 1502 3626 1533 3689; x_wconf 90' lang='grc' dir='ltr'>τί</span> 
     </span>
     <span class='ocr_line' id='line_1_29' title="bbox 440 3725 1533 3822; baseline 0.011 -34"><span class='ocrx_word' id='word_1_265' title='bbox 440 3725 474 3789; x_wconf 85' lang='grc' dir='ltr'>τὸ</span> <span class='ocrx_word' id='word_1_266' title='bbox 487 3734 597 3791; x_wconf 80' lang='grc' dir='ltr'>πεῖσαν</span> <span class='ocrx_word' id='word_1_267' title='bbox 614 3725 648 3791; x_wconf 84' lang='grc' dir='ltr'>ἐκ</span> <span class='ocrx_word' id='word_1_268' title='bbox 664 3728 781 3794; x_wconf 84' lang='grc' dir='ltr'>πολλῶν</span> <span class='ocrx_word' id='word_1_269' title='bbox 801 3730 921 3822; x_wconf 76' lang='grc' dir='ltr'>ὀλίγους</span> <span class='ocrx_word' id='word_1_270' title='bbox 935 3727 1154 3814; x_wconf 82' lang='grc' dir='ltr'>ε’παναζεῦξαι,</span> <span class='ocrx_word' id='word_1_271' title='bbox 1169 3732 1220 3795; x_wconf 85' lang='grc' dir='ltr'>καί</span> <span class='ocrx_word' id='word_1_272' title='bbox 1239 3730 1303 3818; x_wconf 81' lang='grc' dir='ltr'>μετ’</span> <span class='ocrx_word' id='word_1_273' title='bbox 1318 3733 1480 3822; x_wconf 81' lang='grc' dir='ltr'>αἰσχύνης.</span> <span class='ocrx_word' id='word_1_274' title='bbox 1496 3738 1533 3800; x_wconf 92' lang='grc' dir='ltr'>Τί</span> 
     </span>
     <span class='ocr_line' id='line_1_30' title="bbox 440 3835 1530 3940; baseline 0.012 -41"><span class='ocrx_word' id='word_1_275' title='bbox 440 3836 500 3925; x_wconf 71' lang='grc' dir='ltr'>γὰρ</span> <span class='ocrx_word' id='word_1_276' title='bbox 518 3835 667 3928; x_wconf 72' lang='grc' dir='ltr'>λέγουσιν,</span> <span class='ocrx_word' id='word_1_277' title='bbox 685 3837 770 3909; x_wconf 80' lang='grc' dir='ltr'>ἢκαί</span> <span class='ocrx_word' id='word_1_278' title='bbox 786 3842 815 3905; x_wconf 90' lang='grc' dir='ltr'>τί</span> <span class='ocrx_word' id='word_1_279' title='bbox 821 3835 831 3870; x_wconf 68' lang='lat'><em>⁸</em></span> <span class='ocrx_word' id='word_1_280' title='bbox 848 3842 994 3928; x_wconf 90' lang='grc' dir='ltr'>μελετῶσι</span> <span class='ocrx_word' id='word_1_281' title='bbox 1011 3840 1119 3930; x_wconf 76' lang='grc' dir='ltr'>λέγειν,</span> <span class='ocrx_word' id='word_1_282' title='bbox 1138 3847 1174 3914; x_wconf 79' lang='grc' dir='ltr'>ἥν</span> <span class='ocrx_word' id='word_1_283' title='bbox 1188 3841 1245 3906; x_wconf 89' lang='grc' dir='ltr'>ποῦ</span> <span class='ocrx_word' id='word_1_284' title='bbox 1262 3867 1308 3917; x_wconf 86' lang='grc' dir='ltr'>τις</span> <span class='ocrx_word' id='word_1_285' title='bbox 1325 3843 1435 3922; x_wconf 86' lang='grc' dir='ltr'>αῦτοῦς</span> <span class='ocrx_word' id='word_1_286' title='bbox 1456 3846 1530 3940; x_wconf 86' lang='grc' dir='ltr'>παρ’</span> 
     </span>
    </p>
   </div>
   <div class='ocr_carea' id='block_1_4' title="bbox 440 4028 1534 4498">
    <p class='ocr_par' dir='ltr' id='par_1_7' title="bbox 440 4028 1534 4498">
     <span class='ocr_line' id='line_1_31' title="bbox 475 4028 1531 4105; baseline 0.012 -26"><span class='ocrx_word' id='word_1_287' title='bbox 475 4028 587 4082; x_wconf 56' lang='lat' dir='ltr'>*Schola</span> <span class='ocrx_word' id='word_1_288' title='bbox 598 4037 654 4100; x_wconf 81' lang='grc' dir='ltr'>πρός</span> <span class='ocrx_word' id='word_1_289' title='bbox 665 4053 699 4084; x_wconf 87' lang='grc' dir='ltr'>τι.</span> <span class='ocrx_word' id='word_1_290' title='bbox 1000 4035 1133 4086; x_wconf 76' lang='lat' dir='ltr'><strong>nonnullis.</strong></span> <span class='ocrx_word' id='word_1_291' title='bbox 1147 4037 1265 4086; x_wconf 76' lang='lat' dir='ltr'><strong>Aristides</strong></span> <span class='ocrx_word' id='word_1_292' title='bbox 1276 4037 1342 4087; x_wconf 79' lang='lat' dir='ltr'>Orat.</span> <span class='ocrx_word' id='word_1_293' title='bbox 1356 4039 1402 4101; x_wconf 68' lang='lat'>52,</span> <span class='ocrx_word' id='word_1_294' title='bbox 1416 4057 1444 4105; x_wconf 86' lang='lat' dir='ltr'>p.</span> <span class='ocrx_word' id='word_1_295' title='bbox 1458 4042 1507 4092; x_wconf 88' lang='grc' dir='ltr'>θθθ</span> <span class='ocrx_word' id='word_1_296' title='bbox 1524 4062 1531 4092; x_wconf 87' lang='lat'>:</span> 
     </span>
     <span class='ocr_line' id='line_1_32' title="bbox 472 4104 1531 4188; baseline 0.015 -32"><span class='ocrx_word' id='word_1_297' title='bbox 472 4104 484 4132; x_wconf 87' lang='lat'>¹</span> <span class='ocrx_word' id='word_1_298' title='bbox 497 4107 558 4159; x_wconf 81' lang='lat' dir='ltr'>Vide</span> <span class='ocrx_word' id='word_1_299' title='bbox 572 4126 598 4175; x_wconf 89' lang='lat' dir='ltr'>p.</span> <span class='ocrx_word' id='word_1_300' title='bbox 615 4112 661 4173; x_wconf 83' lang='lat'>58,</span> <span class='ocrx_word' id='word_1_301' title='bbox 674 4127 699 4161; x_wconf 91' lang='lat' dir='ltr'>n.</span> <span class='ocrx_word' id='word_1_302' title='bbox 713 4111 727 4159; x_wconf 87' lang='lat'><strong>5</strong></span> <span class='ocrx_word' id='word_1_303' title='bbox 735 4113 785 4174; x_wconf 85' lang='lat' dir='ltr'>‚de</span> <span class='ocrx_word' id='word_1_304' title='bbox 797 4115 894 4166; x_wconf 72' lang='grc' dir='ltr'>ἑσεῖται</span> <span class='ocrx_word' id='word_1_305' title='bbox 999 4115 1088 4165; x_wconf 83' lang='grc' dir='ltr'>οῦθίν’</span> <span class='ocrx_word' id='word_1_306' title='bbox 1080 4135 1142 4165; x_wconf 78' lang='grc' dir='ltr'>εστιν</span> <span class='ocrx_word' id='word_1_307' title='bbox 1156 4117 1273 4166; x_wconf 78' lang='grc' dir='ltr'>ἀθάνατον</span> <span class='ocrx_word' id='word_1_308' title='bbox 1285 4127 1331 4168; x_wconf 86' lang='grc' dir='ltr'>τῶν</span> <span class='ocrx_word' id='word_1_309' title='bbox 1346 4119 1370 4167; x_wconf 80' lang='grc' dir='ltr'>ἒν</span> <span class='ocrx_word' id='word_1_310' title='bbox 1387 4119 1531 4188; x_wconf 76' lang='grc' dir='ltr'>ἀνθρώποις,</span> 
     </span>
     <span class='ocr_line' id='line_1_33' title="bbox 475 4185 1534 4266; baseline 0.014 -30"><span class='ocrx_word' id='word_1_311' title='bbox 475 4185 587 4238; x_wconf 72' lang='lat' dir='ltr'>³Addidi</span> <span class='ocrx_word' id='word_1_312' title='bbox 601 4195 689 4255; x_wconf 78' lang='grc' dir='ltr'>νόμοις.</span> <span class='ocrx_word' id='word_1_313' title='bbox 1000 4193 1026 4242; x_wconf 86' lang='grc' dir='ltr'>οῦ</span> <span class='ocrx_word' id='word_1_314' title='bbox 1044 4197 1156 4258; x_wconf 82' lang='grc' dir='ltr'>πόλεμος</span> <span class='ocrx_word' id='word_1_315' title='bbox 1176 4194 1216 4244; x_wconf 90' lang='grc' dir='ltr'>οῦκ</span> <span class='ocrx_word' id='word_1_316' title='bbox 1232 4197 1327 4263; x_wconf 79' lang='grc' dir='ltr'>εἰρήνη,</span> <span class='ocrx_word' id='word_1_317' title='bbox 1342 4196 1369 4246; x_wconf 91' lang='grc' dir='ltr'>οῦ</span> <span class='ocrx_word' id='word_1_318' title='bbox 1392 4204 1477 4266; x_wconf 76' lang='grc' dir='ltr'>χάρις,</span> <span class='ocrx_word' id='word_1_319' title='bbox 1492 4200 1534 4252; x_wconf 81' lang='grc' dir='ltr'>οῦκ</span> 
     </span>
     <span class='ocr_line' id='line_1_34' title="bbox 474 4261 1534 4339; baseline 0.017 -28.417"><span class='ocrx_word' id='word_1_320' title='bbox 474 4261 589 4330; x_wconf 73' lang='lat' dir='ltr'><strong>*Scripsi</strong></span> <span class='ocrx_word' id='word_1_321' title='bbox 608 4269 730 4334; x_wconf 82' lang='lat' dir='ltr'>posterius</span> <span class='ocrx_word' id='word_1_322' title='bbox 747 4278 773 4322; x_wconf 82' lang='grc' dir='ltr'>τί</span> <span class='ocrx_word' id='word_1_323' title='bbox 789 4285 804 4320; x_wconf 82' lang='grc' dir='ltr'>ο</span> <span class='ocrx_word' id='word_1_324' title='bbox 822 4269 971 4335; x_wconf 77' lang='lat' dir='ltr'><strong>conjectura.</strong></span> <span class='ocrx_word' id='word_1_325' title='bbox 999 4273 1056 4339; x_wconf 72' lang='grc' dir='ltr'>ὀργὴ</span> <span class='ocrx_word' id='word_1_326' title='bbox 1077 4273 1116 4322; x_wconf 85' lang='grc' dir='ltr'>οῦκ</span> <span class='ocrx_word' id='word_1_327' title='bbox 1136 4273 1192 4323; x_wconf 78' lang='grc' dir='ltr'>ἄλλο</span> <span class='ocrx_word' id='word_1_328' title='bbox 1210 4284 1256 4324; x_wconf 81' lang='grc' dir='ltr'>τῶν</span> <span class='ocrx_word' id='word_1_329' title='bbox 1275 4281 1370 4325; x_wconf 85' lang='grc' dir='ltr'>πάντων</span> <span class='ocrx_word' id='word_1_330' title='bbox 1388 4276 1465 4327; x_wconf 72' lang='grc' dir='ltr'>οὐδέν.</span> <span class='ocrx_word' id='word_1_331' title='bbox 1484 4278 1534 4328; x_wconf 86' lang='lat' dir='ltr'>Cn-</span> 
     </span>
     <span class='ocr_line' id='line_1_35' title="bbox 440 4339 1532 4420; baseline 0.018 -33"><span class='ocrx_word' id='word_1_332' title='bbox 440 4339 538 4389; x_wconf 79' lang='lat' dir='ltr'><strong>(iuunln</strong></span> <span class='ocrx_word' id='word_1_333' title='bbox 548 4346 675 4395; x_wconf 74' lang='lat' dir='ltr'><strong>atramenu</strong></span> <span class='ocrx_word' id='word_1_334' title='bbox 684 4346 764 4397; x_wconf 88' lang='lat' dir='ltr'><strong>locum</strong></span> <span class='ocrx_word' id='word_1_335' title='bbox 774 4347 874 4413; x_wconf 79' lang='lat' dir='ltr'>syllabae</span> <span class='ocrx_word' id='word_1_336' title='bbox 883 4359 971 4414; x_wconf 83' lang='grc' dir='ltr'>ορειιι</span> <span class='ocrx_word' id='word_1_337' title='bbox 999 4349 1047 4397; x_wconf 81' lang='lat' dir='ltr'>dex</span> <span class='ocrx_word' id='word_1_338' title='bbox 1059 4350 1126 4400; x_wconf 84' lang='grc'>963</span> <span class='ocrx_word' id='word_1_339' title='bbox 1120 4371 1179 4401; x_wconf 87' lang='grc' dir='ltr'>ουκ</span> <span class='ocrx_word' id='word_1_340' title='bbox 1191 4353 1247 4402; x_wconf 77' lang='grc' dir='ltr'>αιλο</span> <span class='ocrx_word' id='word_1_341' title='bbox 1256 4373 1316 4403; x_wconf 84' lang='grc' dir='ltr'>τιτ</span> <span class='ocrx_word' id='word_1_342' title='bbox 1328 4352 1460 4416; x_wconf 67' lang='lat' dir='ltr'><strong>Libanus,</strong></span> <span class='ocrx_word' id='word_1_343' title='bbox 1473 4357 1532 4420; x_wconf 85' lang='lat' dir='ltr'><strong>t.,l</strong></span> 
     </span>
     <span class='ocr_line' id='line_1_36' title="bbox 440 4416 1530 4498; baseline 0.019 -33"><span class='ocrx_word' id='word_1_344' title='bbox 440 4416 467 4471; x_wconf 71' lang='lat' dir='ltr'>{d</span> <span class='ocrx_word' id='word_1_345' title='bbox 480 4416 559 4469; x_wconf 81' lang='lat' dir='ltr'><strong>nbner</strong></span> <span class='ocrx_word' id='word_1_346' title='bbox 571 4436 705 4484; x_wconf 75' lang='lat' dir='ltr'><strong>pronomen</strong></span> <span class='ocrx_word' id='word_1_347' title='bbox 718 4424 972 4476; x_wconf 75' lang='lat' dir='ltr'><strong>reddamauctunbus</strong></span> <span class='ocrx_word' id='word_1_348' title='bbox 1000 4443 1025 4491; x_wconf 78' lang='lat' dir='ltr'><strong>p</strong></span> <span class='ocrx_word' id='word_1_349' title='bbox 1042 4429 1109 4479; x_wconf 68' lang='lat'>434:</span> <span class='ocrx_word' id='word_1_350' title='bbox 1103 4432 1194 4481; x_wconf 77' lang='grc' dir='ltr'>τῶνδε</span> <span class='ocrx_word' id='word_1_351' title='bbox 1209 4437 1263 4481; x_wconf 73' lang='grc' dir='ltr'>κάλ)</span> <span class='ocrx_word' id='word_1_352' title='bbox 1263 4453 1301 4482; x_wconf 88' lang='grc' dir='ltr'>ιον</span> <span class='ocrx_word' id='word_1_353' title='bbox 1316 4433 1363 4497; x_wconf 79' lang='grc' dir='ltr'>ἔχω</span> <span class='ocrx_word' id='word_1_354' title='bbox 1380 4438 1462 4498; x_wconf 72' lang='grc' dir='ltr'>λέγειν.</span> <span class='ocrx_word' id='word_1_355' title='bbox 1482 4436 1530 4486; x_wconf 76' lang='lat'><strong>(20-</strong></span> 
     </span>
    </p>
   </div>
   <div class='ocr_carea' id='block_1_5' title="bbox 0 0 1846 5659">
    <p class='ocr_par' dir='ltr' id='par_1_8' title="bbox 0 0 1846 5659">
     <span class='ocr_line' id='line_1_37' title="bbox 0 0 1846 5659; baseline 0 0"><span class='ocrx_word' id='word_1_356' title='bbox 0 0 1846 5659; x_wconf 95' lang='lat' dir='ltr'> </span> 
     </span>
    </p>
   </div>
  </div>
 </body>
</html>
