3684 5659
453 593 501 666 26
791 603 827 661 r.
855 600 929 663 τοι
954 590 1208 664 πλπιωιεοοτν

453 736 639 825 μοχθηρίαν,
661 737 712 810 εἰς
741 739 828 799 τοῦτο
856 735 944 821 μόνον
971 737 1231 825 μνημονευόμενοι.
1264 739 1358 803 Ταῦτ’
1395 743 1486 806 εἰπὼν
1519 749 1545 809 εἰ

452 843 505 931 μὲν
522 847 635 928 πείσω,
654 846 744 936 χάρις
765 847 861 927 θεοῖς,
881 847 934 909 καί
960 849 1095 938 σωτηρία
1119 846 1248 912 ἐντεῦθεν
1267 850 1396 940 μεγίστη
1422 860 1460 940 τῇ
1484 854 1545 917 πό·

451 956 519 1021 λει·
542 959 567 1021 εἰ
593 947 656 1019 θ’
626 978 693 1040 ουν,
723 949 794 1019 οἷθα
819 955 918 1019 πεσὼν
942 954 1067 1020 αὐτίκα.
1090 959 1195 1021 Καί”
1178 981 1255 1022 εστω
1276 963 1364 1024 τοῦτο
1392 969 1446 1036 τῆς
1471 961 1546 1050 ἐμῆς

451 1068 571 1158 γνώμης
589 1075 711 1153 σημεῖον
727 1067 779 1130 καί
805 1072 858 1140 τῆς
879 1064 1032 1141 πολιτείας
1054 1071 1197 1197 σρραγίς.
1221 1068 1332 1133 Οὐκ
1309 1095 1418 1158 ατιμον
1444 1074 1543 1163 νἰγοῡ-

384 1253 390 1259 ,
452 1205 508 1265 μαι
524 1179 557 1242 τὸ
578 1202 654 1242 ουτω
679 1180 790 1242 θανεῖν.
806 1155 1026 1241 Επαινέσονταί
1044 1202 1102 1264 μου
1118 1178 1168 1242 τόν
1192 1179 1281 1253 ζῆλόν
1307 1205 1396 1267 τινες,
1425 1179 1544 1248 ἀποδέ-

451 1287 551 1366 ξονται
568 1290 620 1354 καί
649 1289 689 1376 μὴ
716 1288 1014 1421 κατορθώσαμτος
985 1312 1035 1353 τον
1058 1289 1184 1354 σκοπόν.
1210 1295 1446 1420 Τμραννοκτόνον
1472 1296 1543 1386 θερ-

451 1401 506 1486 μός
522 1424 567 1474 τις
583 1407 604 1463 ε’
598 1405 660 1463 ίποι
677 1424 729 1463 και
720 1396 906 1473 ἱ’πόλεως
880 1397 1048 1489 ευεργέτην,
1068 1397 1199 1475 ἐκτόπως
1212 1400 1264 1466 τὴν
1276 1401 1361 1466 πόλιν
1373 1400 1542 1493 ριλοῦυταὶ

450 1514 538 1574 Οστά
556 1511 657 1596 τάμά,
682 1509 758 1596 μετά
780 1509 901 1599 χρόνον,
922 1511 999 1594 μετὰ
1021 1517 1109 1595 τιμῆς
1128 1512 1365 1600 σνγκομίσονται
1384 1512 1544 1648 ιριλοπόλι·

451 1617 502 1696 θες
518 1622 681 1712 ἄνθρωποι,
702 1621 753 1683 καί
774 1617 884 1706 τύμθον
906 1619 1069 1709 φιλοτίμως
1090 1615 1350 1706 ἑξαναστήσουσι,
1373 1624 1424 1687 καὶ
1449 1623 1543 1714 γέρας

451 1735 536 1796 ἔσται
557 1730 788 1822 τυραννοκτόνου
810 1731 861 1793 καί
880 1731 958 1815 μετά
974 1732 1114 1814 θάνατον,
1136 1733 1189 1795 καί
1212 1731 1356 1821 στέφανος
1380 1729 1543 1824 ἀνδραγα-

450 1845 517 1919 θίας
538 1838 752 1916 θιαιωνίζων’
740 1842 818 1926 εμοί.
847 1842 883 1902 Εί
914 1835 1005 1903 θὲ
971 1865 1012 1926 μη
1040 1844 1098 1915 ζῶν
1124 1844 1349 1930 τιμηθήσομαι,
1373 1843 1487 1908 ἄπελθ’
1452 1846 1542 1908 θοντα

448 1956 626 2038 τιμήσουσιν
645 1949 867 2042 ἐπιγράμμασι.
883 1973 899 2007 ν

497 2061 602 2126 Ταῦτ’·
603 2058 697 2126 εἷπον.
713 2062 771 2125 Καί
786 2060 990 2152 παρευθυς’
950 2086 1024 2151 μονη
1042 2087 1079 2152 τῃ
1065 2060 1246 2153 βακτηρίᾳ
1262 2066 1381 2156 θαρρῶ,
1401 2067 1453 2130 καί
1469 2067 1543 2158 πρὸς

447 2175 500 2244 τὴν
511 2172 713 2265 ἀκρόπολιν’
681 2195 817 2262 γινομαι.
809 2173 886 2235 .Καί
898 2171 1108 2238 τούντεῦθεν’
1078 2199 1106 2238 τι
1121 2175 1158 2238 ἀν
1169 2200 1221 2238 και
1209 2174 1386 2266 λέγοιμι
1356 2200 1409 2246 την
1421 2176 1544 2352 ἀσφαλοῆ

447 2285 594 2376 φυλακήν,
618 2309 687 2359 τους
713 2285 838 2375 ἀγρίους
861 2280 1076 2368 ὑπασπίστας,
1100 2292 1164 2360 πῶς
1184 2284 1249 2372 ἐμοί
1268 2287 1544 2378 προςερέροντο;0

447 2394 500 2482 μὲν
521 2394 705 2488 παρασύρων
726 2394 760 2458 τό
780 2390 903 2482 βλέμμα
921 2396 974 2459 καί
998 2404 1106 2527 σχῆμα
1130 2395 1314 2526 θυμουμένου
1338 2393 1442 2473 θεινῶς
1468 2423 1544 2487 σχε-

448 2503 575 2591 διάζων,
595 2505 766 2598 σοθαρῶς’
751 2505 876 2596 ηρώτα·
899 2530 914 2564 υ
930 2507 1012 2581 Τίς“
1000 2532 1015 2571 ο
1032 2507 1127 2598 γέρων
1152 2532 1254 2585 οντος;
1277 2509 1328 2572 καί
1347 2510 1403 2573 πόθ
1406 2532 1435 2572 εν
1452 2511 1541 2586 ἥκεις

448 2619 499 2682 καί
523 2620 553 2682 τί
577 2615 740 2702 βοόλεται;
760 2641 775 2672 υ
795 2616 810 2680 5
834 2612 913 2681 θὲ
885 2640 936 2681 τον
956 2627 1083 2708 προςηνῆ
1107 2645 1160 2683 και
1188 2619 1326 2684 ταπεινὸν
1347 2617 1543 2710 ὑποκρινόμε-

447 2751 516 2807 νος,
539 2725 713 2799 ὑποόλως’
698 2749 807 2815 ηρευνα
827 2728 879 2796 τήν
901 2725 973 2813 ἐμὴν
990 2724 1102 2818 ἀριξιν.
1124 2728 1259 2803 Αλλος
1247 2738 1323 2820 ορῶν
1340 2732 1539 2861 ματερρόνει,

447 2839 498 2902 καί
515 2836 556 2910 ὡς
573 2833 730 2925 ἀνθρώπου
744 2835 833 2897 σκιάν
847 2836 949 2924 ἡγεῖτο
967 2835 1057 2920 μόνην
1071 2834 1135 2920 ἐμέ,
1152 2839 1204 2899 καί
1218 2840 1362 2927 σιγῶντός
1375 2864 1434 2924 μου
1448 2866 1543 2912 κατη·

448 2946 549 3033 μέλει,
569 2947 621 3009 καί
645 2943 757 3034 ἐρωτᾶν
772 2938 955 3030 τολμῶντι
937 2966 1024 3013 ηττον
1045 2954 1184 3054 προςεῖχε
1205 2947 1255 3010 τὸν
1276 2952 1357 3010 νοῦν.
1376 2925 1520 3023 Αλλος’
1494 2974 1542 3013 ει-

369 3122 371 3127 ,
448 3084 543 3132 καιως
556 3080 643 3147 παρ
619 3058 707 3120 ωθ·ει
729 3053 820 3129 αλλος
837 3050 942 3129 θεινως
957 3054 1119 3124 ηπειλειτο
1141 3061 1215 3121 Εστι
1238 3053 1297 3120 θ’
1280 3083 1325 3140 ος,
1346 3084 1398 3122 και
1389 3058 1544 3150 ροόερός

447 3193 492 3245 τις
511 3168 602 3233 θελὼν
622 3162 734 3247 θοκεῖν,
756 3165 776 3235 ἢ
795 3169 913 3237 σπάθην
930 3167 966 3237 ἣν
985 3175 1103 3258 κρατῶν
1127 3171 1244 3258 ἔτυχεν,
1267 3161 1432 3262 λ’ροίθθον,
1453 3172 1541 3241 ἠκαί

1534 3281 1545 3314 1

447 3288 539 3372 χεῖρα
562 3279 653 3365 μόνην
678 3276 833 3342 ἀνέτεινεν.
859 3281 900 3353 Ως
921 3273 955 3341 δὲ
976 3278 1061 3364 μόλις
1082 3281 1134 3344 καί
1153 3280 1170 3344 5
1188 3279 1233 3344 έπί
1253 3289 1310 3345 τῶν
1328 3284 1524 3369 ἀναμνήσεωυ

448 3390 539 3484 ε’ράνη
553 3389 664 3474 σοθών,
681 3391 733 3454 καί
750 3389 872 3520 πέμψας
888 3389 993 3480 ἠρώτα
1009 3389 1075 3478 μετ’
1094 3392 1291 3484 ἀγριότητος,
1310 3394 1361 3456 καί
1381 3394 1486 3479 μαθὼν
1503 3394 1544 3470 ὡς

448 3505 617 3594 ἀναγκαῖον
636 3504 698 3590 ἔχω
719 3509 762 3588 τῷ
779 3499 825 3566 ε’πί
846 3509 899 3576 τῆς
921 3496 1096 3583 ἐξουσίας
1078 3503 1279 3594 ἀπόρρητονε
1266 3500 1442 3586 ἐξειπεῖν,”
1425 3528 1466 3568 ετι
1489 3507 1541 3569 καί

449 3609 609 3701 μάλλον”’
596 3614 660 3700 εμοί
681 3607 818 3720 λέγων
792 3627 892 3675 ειπεν·
908 3633 925 3667 κ
942 3610 1130 3688 Οὐκείςιτοί
1147 3637 1196 3678 σοι
1213 3615 1253 3678 τά
1269 3614 1343 3706 πρὸς
1359 3614 1409 3679 τὸν
1426 3610 1542 3680 θεσπό-

448 3745 501 3794 την
534 3724 697 3814 ἀρτίως.»
725 3721 797 3810 Εγὼ
823 3715 853 3784 θ’
878 3719 1002 3804 εἱπόμην
1026 3716 1182 3805 δυςωπὼν,
1215 3725 1266 3786 καί
1302 3719 1374 3798 ἦθος
1410 3720 1543 3789 οἰθαῖνον

481 3891 575 3953 ‘Gt-d„
600 3893 776 3959 τυραννοκτόνον
796 3892 878 3955 θερμός
899 3907 977 3944 τις...
1041 3886 1104 3937 ³8¹5
1115 3888 1204 3937 codex
1217 3889 1292 3939 Ρετιιῑ
1302 3890 1413 3940 ποσπιλιιί
1421 3897 1543 3960 ,σκυθρω-

448 3977 529 4044 ριλῶν.
544 3971 586 4020 Est
598 3972 799 4038 τυραννοκτόνους
811 3967 981 4025 ποττεσιίοιιες
1009 3976 1057 4024 πῶς
1070 3967 1186 4026 sortasse,
1200 3967 1237 4017 vel
1251 3970 1382 4036 ἀγρίως...

447 4054 493 4104 fuit
508 4052 576 4117 prius
592 4051 776 4118 τυραννοκτόνος.
795 4045 981 4095 Οοττεειίοπεω
1042 4043 1234 4096 ‘videturesse
1248 4050 1323 4104 οἰςιτά
1345 4049 1422 4096 forma
1442 4047 1542 4100 dicendi

448 4131 576 4182 absolvere
596 4128 655 4180 mihi
678 4128 743 4176 ιίευε
766 4141 835 4185 sum,
858 4124 981 4188 rescripto
1008 4125 1140 4181 recentior.
1153 4126 1484 4190 quaesophistaeauiciasanti
1496 4144 1542 4177 ex-

450 4215 569 4280 ριλοῦντα.
1009 4201 1103 4253 uiderit.
1130 4203 1165 4252 Εο
1192 4221 1249 4254 unua
1270 4215 1308 4254 est
1326 4205 1388 4255 infra
1411 4206 1543 4257 Declama-

481 4287 492 4314 ⁸
507 4289 565 4338 Esse
576 4288 671 4338 videtur
688 4287 753 4337 όίπλ
766 4294 814 4335 τῶν
831 4285 979 4347 ἀναμνησευν
1008 4281 1076 4329 tione
1089 4280 1148 4340 vn,
1164 4292 1189 4332 εῑ
1206 4283 1269 4336 unt.
1284 4283 1316 4334 M.
1331 4284 1430 4335 Palaeol.
1448 4287 1479 4345 θ,
1493 4287 1541 4345 23,

449 4366 513 4417 idem
529 4376 562 4433 τῷ
576 4366 720 4430 τῑςαγγελιῐ,
737 4367 749 4413 5
765 4365 881 4429 μηνίσων,
897 4379 910 4404 t
924 4357 980 4406 Ha·
1007 4375 1034 4424 p.
1047 4360 1094 4406 ⁴78
1112 4380 1118 4408 :
1135 4365 1228 4426 μίλιοι,
1241 4363 1295 4415 εἶτα
1307 4364 1361 4429 ὑμῖν
1374 4370 1417 4429 μὲν
1429 4367 1506 4434 ἐρεῖτε
1519 4367 1542 4420 ἐς

448 4449 522 4509 giuter
535 4442 717 4511 admissionum:
735 4459 746 4484 ι
1005 4439 1057 4488 ὅτι
1074 4444 1206 4504 χρησασθαι
1225 4444 1342 4507 δόγμασι,
1359 4448 1399 4493 καί
1421 4446 1495 4499 ιίςιτά
1520 4446 1543 4499 ἐς
