3684 5659
804 608 961 671 ΜΕΛΕΤῙΙ
988 599 1042 671 Πί.
1398 601 1468 673 24⁸(

373 743 493 839 ἀνδρῶν
515 744 609 834 τύχην
630 745 681 809 καὶ
706 743 759 813 τὴν
781 747 834 806 τού
856 747 963 833 καιροῦ
989 744 1184 834 περίστασιν,
1207 745 1278 826 καί,
1304 748 1329 808 εί
1356 743 1410 817 ούκ
1433 744 1469 809 ἀν

371 858 449 924 όίλλο
476 856 679 947 λογίσασθαι,
705 852 772 919 ἀλλ’
797 845 847 917 οὖν
867 853 900 917 τὸ
919 861 978 917 τῶν
998 856 1071 917 θεῶν
1093 853 1228 940 εὐμενές·
1255 860 1336 943 είπερ
1363 853 1468 919 ἐκεῖνοι

372 969 441 1057 μέν,
465 976 524 1032 τῶν
547 964 696 1056 ἡμετέρων
717 967 904 1055 πραγμάτων
925 958 1104 1050 κηδόμενοι,
1128 963 1173 1029 ε’πὶ
1195 970 1262 1029 νοῦν
1282 967 1390 1029 ἔθεσαν
1406 975 1470 1040 τοῖς

372 1079 513 1153 πολίταις
531 1078 582 1141 καί
601 1078 640 1139 τά
658 1071 758 1162 θεσμά
778 1072 866 1166 ῥῆξαι
890 1077 941 1139 καί
964 1071 1151 1167 ἀναδραμεῖν
1168 1076 1241 1167 πρὸς
1258 1079 1357 1163 ημᾶς,
1380 1075 1471 1152 αὐτὸς

374 1186 405 1253 θ’
424 1188 530 1277 ἀμελεῖ
546 1189 598 1252 καί
616 1186 834 1277 καταπροίεται
850 1186 901 1249 τόν
917 1186 1035 1275 καιρόν,
1057 1185 1088 1249 όν
1105 1186 1134 1250 ἐν
1332 1196 1395 1262 τοῖς
1412 1194 1470 1252 ἀν·

374 1295 487 1392 θρασιν
687 1293 695 1326 ¹

423 1390 516 1475 ἰλπείΞ
542 1412 610 1474 τίνα
632 1412 698 1472 νοῦν
724 1402 806 1493 εἶχες
833 1405 918 1489 τότε,
939 1404 982 1470 ὅτ’
1000 1413 1107 1483 ἤκουες
1128 1407 1197 1483 τοὺς
1223 1408 1417 1497 ἀπαχθέντας
1441 1409 1470 1474 ἐν

373 1529 520 1613 φρουραῖς
546 1517 696 1610 ἀσφαλέσι
722 1525 791 1591 ταῖς
819 1523 877 1579 τῶν
905 1515 1021 1606 ἐχθρῶν
1047 1517 1224 1604 ἱσταμένους
1245 1515 1305 1591 ἤθη
1332 1520 1388 1611 πρὸ
1412 1528 1470 1584 τῶν

372 1630 495 1716 πυλῶν,
522 1632 575 1695 καί
605 1632 879 1720 θυροκτυπούντας,
905 1629 957 1691 καί
984 1627 1188 1712 ἱκετεύοντας,
1213 1631 1264 1695 καὶ
1291 1622 1378 1706 αὖθις
1401 1630 1470 1706 τούς

373 1743 503 1807 κατόπιν
520 1742 572 1806 καί
597 1739 643 1805 ἐπὶ
666 1741 760 1803 νώτου
780 1733 965 1818 διώκοντας,
986 1739 1038 1803 καί
1058 1739 1091 1804 τὸ
1110 1747 1170 1804 πᾶν
1189 1739 1235 1804 ἐπὶ
1263 1742 1310 1805 σοί
1337 1743 1470 1828 κείμενον

373 1853 544 1936 κατενόεις,
563 1853 617 1936 ὡς,
637 1853 662 1915 εί
677 1847 729 1937 μέν
743 1845 905 1933 ἀνοίξειας,
922 1850 1125 1935 σωθήσονται,
1146 1854 1171 1915 εἰ
1187 1846 1216 1914 θ’
1233 1850 1287 1917 οὐκ
1305 1848 1468 1938 ἀνοίξειας,

373 1959 601 2027 κινδυνεύσουσι
609 1983 619 2042 3
643 1962 702 2026 Καὶ
726 1958 763 2024 σὺ
787 1958 839 2046 μὲν
862 1959 1047 2046 ἀνεθοίλλου,
1073 1962 1088 2025 ὁ
1111 1957 1144 2025 ἀὲ
1165 1958 1302 2038 κίνδυνος
1319 1961 1373 2027 οὐκ
1390 1959 1470 2051 εἶχεν

372 2071 540 2141 ἀναθολύν.
560 2048 633 2136 θύει
650 2072 717 2134 τότε
734 2071 841 2157 νόμους
859 2067 1111 2161 ύπολοχίζεσθαις
1133 2067 1194 2136 ἔθει
1210 2068 1326 2148 ποσῶς8
1344 2075 1470 2162 ἡσυχαί-

375 2187 436 2259 ζειν
443 2203 455 2263 3
475 2178 536 2248 ἔθει
553 2182 604 2247 τὸν
620 2181 703 2255 ἥλιον
721 2180 892 2268 ἀναμένειν,
910 2182 962 2244 καὶ
981 2179 1044 2245 τότ’
1061 2184 1211 2273 ἀνοίμειν5

424 2270 552 2369 flooring
568 2294 653 2376 τότε,
673 2291 740 2357 ἀλλ’
759 2287 836 2366 εῗθες
853 2291 887 2356 τὸ
906 2292 1047 2381 γεγονός,
1068 2291 1220 2367 όπάντως
1239 2291 1371 2368 ἐπόθεις·
1392 2289 1471 2368 εἶθες

373 2399 491 2491 ἄνδρας
514 2403 684 2491 κειμένους,
710 2401 941 2488 ἐσκυλευμένους
962 2401 1099 2493 νεκρούς·
1123 2398 1202 2478 εἷθες
1228 2402 1354 2474 ἐλεεινὴν
1380 2404 1466 2469 θέαν·

374 2511 453 2591 εἶδες
471 2513 617 2589 ἀσύνηθες
634 2508 810 2600 μοίκελλονί,
830 2512 965 2602 κεφαλάς
983 2505 1055 2597 itte,
1076 2522 1183 2603 χεῖρας
1199 2512 1310 2596 ἐκεῖσε,
1330 2513 1470 2601 ἀλλαχοῦ

367 2621 492 2710 πόδας,
513 2624 702 2713 ε’κκεχυμένα
719 2627 849 2715 ἔγκατα·
867 2620 940 2698 ἄξιοί
957 2647 992 2714 με
1009 2629 1106 2688 ταῦτα
1124 2632 1176 2699 της
1192 2632 1248 2698 σῖις
1265 2629 1467 2715 στρατηγίας.

423 2732 502 2801 Εἶτα
519 2738 572 2801 καί
592 2737 704 2809 πόσους
724 2735 760 2798 ἀν
779 2736 927 2809 θανοίτους
946 2735 1055 2819 θανών,
1075 2731 1164 2811 ἀξίας
1180 2736 1273 2810 τίσεις
1289 2736 1345 2809 τάς
1361 2730 1468 2817 θίκας,

373 2844 437 2913 ἔδει
455 2848 510 2923 τάς
527 2845 645 2911 ἐκείνων
663 2847 722 2909 ἀνά
739 2844 827 2936 μέρος
845 2846 974 2920 αἰκίσεις
997 2847 1048 2909 καὶ
1076 2842 1109 2909 σὲ
1131 2842 1290 2931 βαστάσαι
1313 2848 1401 2933 μόνον
1424 2845 1469 2911 ε’πὶ

374 2963 428 3023 τοῦ
453 2940 613 3045 σώματος,
639 2952 699 3021 ἔθει
725 2957 819 3032 τόσας
843 2957 966 3047 σφαχάς
988 2955 1172 3041 ὑποστῆναι,
1201 2953 1262 3022 ἔθει
1284 2960 1405 3022 κεῖσθαι
1430 2959 1471 3045 μή

374 3079 432 3156 μιᾷ
451 3068 570 3159 πληγῇ,
594 3067 673 3133 ἀλλά
694 3070 816 3158 μυρίαις
836 3076 904 3142 ταῖς
927 3067 1062 3131 ἐκείνων·
1083 3069 1134 3132 καὶ
1158 3064 1251 3143 ούτοις
1270 3068 1307 3133 ἀν
1323 3075 1398 3143 ἴσοις
1413 3070 1471 3132 ἀν-

375 3181 554 3254 τεσήκωσας
580 3179 615 3242 τό
642 3177 859 3264 πλημμέλημα.
886 3182 947 3241 Νῦν
973 3172 1025 3254 δέ,
1052 3177 1119 3243 ἀλλ’
1148 3178 1182 3243 ού
1206 3189 1301 3271 χωρεῖ
1323 3180 1357 3244 τὸ
1381 3187 1471 3266 σῶμα

374 3288 541 3365 τοσαύτας.

373 3592 498 3657 legeretur
507 3593 704 3653 ἂπιιυθιάςεσίαι.
719 3588 812 3654 Scripsi
826 3603 908 3638 corre·
936 3612 969 3648 σ.,
987 3590 1025 3639 rei
1037 3592 1111 3648 πόδας
1124 3612 1151 3656 μ.
1173 3601 1219 3642 τῶι
1231 3599 1327 3656 στίχων,
1339 3601 1424 3641 tacens
1441 3593 1473 3642 de

374 3671 438 3721 otius
457 3671 674 3733 ἂπαυθαδίζεσθαι,
691 3684 739 3734 qna
751 3668 819 3718 verbi
831 3667 908 3717 forma
936 3679 1029 3738 μετρῶ,
1043 3671 1109 3734 quod
1120 3669 1217 3720 videtur
1229 3687 1284 3721 esse
1300 3671 1416 3721 mendum
1434 3682 1472 3738 ty·

374 3748 412 3799 bis
422 3764 481 3799 unns
492 3759 539 3799 ent.
552 3748 615 3798 Vide
625 3764 651 3813 p.
667 3748 729 3811 190,
743 3764 769 3797 ιι.
783 3750 808 3797 3.
936 3764 1023 3813 porum
1034 3763 1079 3813 pro
1088 3760 1188 3817 μετρῶν.
1201 3750 1319 3816 Equidem
1331 3766 1380 3800 non
1390 3763 1472 3801 muto-

409 3827 536 3878 ¹Lnounae
549 3827 637 3892 prioris
648 3842 786 3877 mensuram
798 3824 909 3892 praebent
936 3827 1027 3890 verim,
1047 3839 1122 3887 ποσῶς
1140 3839 1230 3896 μετρῶν
1252 3851 1276 3879 τ.
1296 3851 1320 3879 σ.
1342 3831 1369 3880 ln
1389 3832 1473 3895 priore

374 3904 450 3955 norbo
473 3906 599 3971 superiora
617 3908 688 3975 ῥῆξαι
708 3913 749 3956 καί
770 3906 907 3974 ἀναδραμ,
936 3904 1089 3957 hemistichio
1114 3908 1220 3973 conjecit
1245 3908 1367 3971 ύπαγίυω,
1395 3919 1473 3957 metro

374 3983 518 4049 posterioris
527 3981 627 4048 syllabae
640 3983 710 4042 αὐτὸς
721 3986 751 4034 t’.
937 3983 1066 4035 titubante.
1083 3985 1184 4036 Videtur
1204 3993 1266 4050 μένω
1289 3985 1473 4048 corruptionem

409 4058 528 4110 'Schola
539 4063 657 4125 ἐπίλογος.
937 4077 991 4111 osse
1004 4063 1100 4112 notitam
1118 4065 1185 4114 verbi
1200 4071 1288 4132 βαίνω,
1310 4062 1355 4111 ned
1373 4076 1472 4125 praepo-

408 4138 464 4190 'De
475 4151 550 4199 ποσῶς
562 4140 618 4191 ride
637 4156 664 4204 p.
679 4141 735 4188 titt.
752 4138 860 4204 Roperto
873 4139 909 4189 nic
936 4139 992 4189 sitio
1007 4155 1055 4189 non
1070 4143 1193 4191 convenit.
1209 4141 1321 4190 Fortasse
1338 4142 1402 4203 κάγὼ
1418 4140 1473 4188 δια-

374 4218 440 4269 mate
450 4219 541 4284 scripto
555 4218 676 4269 Theodori
686 4218 813 4268 Prodromi
823 4232 909 4277 versu,
936 4222 1008 4268 θαίιω
1024 4219 1149 4286 κέμχομοιι·
1170 4220 1208 4269 vel
1226 4222 1290 4284 κοί-,ω
1305 4223 1403 4283 'nuptio
1417 4203 1474 4289 κῖρ-

374 4303 422 4347 nat
434 4300 480 4362 ἐγὼ
494 4298 600 4363 ὑπομένω
609 4303 649 4348 καί
659 4297 760 4365 ἔρχομαι
774 4306 849 4354 ποσῶς
862 4316 910 4360 με·
938 4315 1023 4362 χομαι.

375 4386 424 4444 τρῶ
447 4382 500 4435 τοὺς
521 4385 629 4441 στίχους,
653 4376 761 4442 Corayns
782 4374 861 4425 Atnct.
883 4375 907 4433 1,
971 4374 1114 4438 ’Μάκιλλοη
1141 4375 1196 4427 vido
1219 4377 1309 4442 Coray.
1337 4376 1416 4429 Atnot.
1445 4378 1472 4438 1,

374 4470 400 4519 p.
415 4455 459 4503 ttt
468 4493 475 4517 ,
484 4471 529 4520 pro
541 4461 617 4512 πόσος
627 4455 742 4519 proponit
753 4457 835 4510 πόσους
845 4474 872 4516 μ.
885 4475 909 4504 τ.
938 4470 963 4518 p.
979 4455 1037 4504 215.
