3684 5659
864 601 1021 666 νιΕλετιι
1047 586 1092 664 ΑΥ.
1483 602 1528 670 ι5

430 737 514 826 αύτῷ
531 737 566 802 τὸ
588 736 688 829 περιόν
707 744 763 812 τῆς
780 737 931 812 θειότητος
950 737 1183 828 κατεκλήρωσε,
1207 735 1319 803 τούτων
1341 739 1375 803 τό
1394 739 1529 829 μετέχειν

428 859 492 924 τοῖς
509 849 635 935 άλλοις,
656 841 723 913 ούσι
736 848 788 913 καί
804 847 934 934 τούτοις,
953 851 978 912 εἰ
992 851 1045 913 καὶ
1059 845 1323 941 καταδεεστέροις,
1340 853 1436 929 θεοῖς;
1453 858 1529 918 Τοῦ·

427 984 478 1026 τον
504 959 712 1048 ἐμιμησάμην,
731 959 886 1046 τολμήσας
908 966 1001 1044 είπω,
1022 961 1131 1050 κάγῶ,
1152 962 1204 1025 καὶ
1231 961 1283 1030 τὴν
1306 959 1389 1048 ὑμῶν
1411 961 1529 1054 ψύρον1

428 1069 484 1137 διά
497 1080 551 1147 τῆς
571 1070 643 1158 ἐμῆς
661 1069 799 1163 ἐκύρωσα
818 1069 1035 1161 προαιρέσεως,
1054 1071 1127 1134 κάπί
1145 1080 1210 1146 τοῖς
1225 1070 1327 1147 ὅπλοις
1344 1073 1377 1137 τό
1394 1097 1528 1140 κοινωνι-

421 1185 480 1250 ’κόυ
503 1184 579 1276 πρὸς
598 1180 668 1257 τοὺς
689 1179 810 1256 λοιποὺς
830 1180 991 1250 ἐπενόησα.
1017 1161 1213 1270 Ε’λογισάμην
1240 1181 1310 1246 κατ’
1331 1181 1458 1269 ἐμαυτόν
1482 1184 1527 1251 ότι

405 1303 407 1306 ⁴
427 1293 552 1368 πολλοῖς
573 1293 626 1358 καί
649 1291 784 1357 θέλουσιν
803 1290 924 1378 ἀμύνειν
943 1288 1015 1382 ὑπὲρ
1038 1299 1092 1366 της
1111 1290 1226 1367 πόλεως
1245 1288 1384 1379 ἐμποδῶν
1403 1297 1422 1365 ἡ
1440 1298 1527 1362 πενία

427 1405 570 1488 ἵσταται,
590 1405 642 1469 καὶ
661 1410 785 1493 γυμνοῖς
800 1402 923 1487 σώμασι
939 1401 1012 1492 πρὸς
1034 1400 1140 1493 ἐχθρὸν
1161 1398 1394 1468 διακινδυνεύειν
1412 1405 1527 1482 τούτοις

426 1517 540 1587 ἥκιστα
559 1512 707 1605 ἀσφαλές·
724 1514 885 1576 «Κείσθων
901 1511 941 1587 ῶς
961 1513 1112 1603 θησαυρὸς
1133 1511 1178 1576 ἐπὶ
1202 1522 1255 1588 τῆς
1276 1513 1348 1600 ἐμῆς
1369 1518 1468 1592 οἰκίας
1486 1520 1525 1582 τά

429 1624 528 1690 όπλα·
556 1625 656 1689 κοινόν
676 1631 811 1709 ταμιεῖον
836 1624 913 1685 ἔστω
938 1620 1047 1708 τούμόν
1069 1632 1219 1710 ταμιεῖον.
1241 1629 1351 1711 Σχῆμα
1374 1625 1452 1717 φέρω
1472 1636 1526 1704 τῆς

428 1734 560 1820 πόλεως,
582 1740 773 1824 στρατηγῶν,
792 1730 973 1823 ῥητορεύων,
998 1729 1163 1818 βουλεύων,
1184 1734 1432 1822 πολιτευόμενος·
1458 1737 1525 1814 όλος

427 1844 519 1922 αύτὸς
538 1845 706 1936 άφιέρωμαι
726 1852 763 1932 τῇ
783 1839 906 1934 πατρίδι
925 1859 933 1875 ·
950 1845 979 1906 τί
997 1839 1089 1929 ξένου,
1108 1851 1188 1934 ε’ίπερ
1206 1847 1258 1909 καὶ
1276 1846 1309 1910 τό
1329 1845 1398 1934 ἐμόν
1411 1832 1526 1935 οἴκημα

426 1957 527 2021 κοινὸν
545 1964 597 2030 τῆς
616 1956 731 2031 πόλεως
750 1961 810 2040 εἴη,
828 1955 879 2018 καὶ
896 1956 936 2018 τά
951 1953 980 2018 ἐν
998 1953 1081 2041 αὐτῷ
1102 1958 1202 2020 πάντα
1220 1955 1266 2020 ἐπὶ
1285 1964 1392 2049 καιροῦ
1405 1967 1446 2051 τῇ
1459 1964 1524 2024 ποι-

426 2062 505 2158 τρίδι
535 2065 747 2158 ρυλάττοιντος
775 2068 800 2129 εἰ
829 2060 862 2128 δὲ
890 2066 942 2130 καί
972 2069 1136 2154 χρημάτων
1164 2075 1315 2158 περισσῶς
1345 2065 1440 2158 εἶχον,
1468 2069 1527 2159 ούχ

426 2176 561 2268 ἡγούμην
583 2177 620 2240 ἂν
635 2178 687 2241 καὶ
708 2181 807 2241 ταῦτα
826 2184 869 2262 τῷ
889 2172 976 2263 δήμω
997 2179 1100 2260 κοινά,
1125 2175 1171 2240 ἐπὶ
1195 2179 1302 2269 χρείας
1323 2181 1522 2257 σννοίσοντα;

361 2366 368 2379 ·
426 2288 556 2361 καὶπῶς
575 2291 625 2370 άν,
641 2285 739 2360 άλλως
755 2288 847 2373 ἔχων,
867 2280 995 2359 δικαίως
1010 2285 1162 2374 φιλόπολις
1176 2291 1305 2363 ἥκουσν;
1322 2310 1339 2343 ν
1375 2362 1398 2385 Α,

474 2376 547 2488 Ιλγὼ
563 2392 663 2460 δὲκαὶ
678 2393 879 2482 ὑμάςαύτούς
898 2392 992 2470 ούτως
1007 2399 1087 2484 ἔχειν
1104 2396 1284 2486 λογίζομαι,
1301 2397 1341 2470 ὡς
1355 2390 1445 2487 μέχρι
1462 2396 1527 2461 τού-

426 2530 478 2571 του
496 2514 546 2593 τῷ
568 2505 738 2593 κεκτημένῳ
761 2505 936 2596 λογίζεσθαι
952 2501 1020 2569 ’ίδια
1043 2506 1070 2568 ά
1087 2528 1132 2579 τις
1155 2509 1241 2591 ἔχοι,
1265 2505 1284 2574 ἢ
1304 2507 1451 2594 πατρόθεν
1467 2530 1525 2569 πε-

428 2619 535 2702 σόντα,
550 2617 569 2688 ἢ
583 2618 683 2693 πόνοις
700 2617 859 2702 κτηθέντα,
876 2617 895 2688 ἢ
910 2618 962 2682 καὶ
981 2614 1076 2703 τύχης
1091 2611 1255 2700 διδούσης,
1270 2617 1452 2705 πράγματα,
1469 2613 1525 2692 ἕως

427 2717 461 2791 οἷν
480 2728 522 2815 μὴ
535 2726 645 2791 τούτων
662 2730 680 2799 ἡ
697 2729 788 2818 χρεία
801 2730 959 2818 άναγκαία
976 2726 1099 2818 γένηται
1113 2735 1149 2816 τῇ
1165 2722 1309 2817 πατρίδι·
1328 2725 1475 2803 ζητούσης
1488 2723 1523 2792 δὲ

425 2844 480 2913 πῶς
497 2846 597 2914 κοινῆς
614 2839 750 2930 ἀνάγκης
767 2843 882 2923 ταῦτα,
903 2839 1079 2928 παραυτίκα
1098 2835 1210 2902 τούτων
1227 2839 1368 2903 ἁπάντων
1383 2836 1453 2913 τούς
1469 2835 1526 2914 ἕως

425 2948 493 3012 τότε
510 2950 632 3039 κυρίους
648 2957 684 3036 τῇ
702 2947 871 3040 θρεψαμένῃ
890 2948 973 3014 πόλει
991 2944 1185 3023 ἐξίστασθαι.

474 3048 571 3133 Οὗτος
594 3059 609 3122 ό
630 3057 775 3148 λογισμός
799 3053 917 3132 δίκαιος
941 3058 1133 3143 νομιζόμενος
1160 3057 1252 3122 ἐποίει
1275 3057 1355 3145 κάμέ
1380 3058 1413 3122 τό
1437 3057 1526 3150 μέρος

426 3176 483 3233 τῶν
496 3168 668 3234 πανοπλιῶν
681 3168 903 3260 φιλοκτίιμονα·
917 3172 1022 3233 τοῦτον
1033 3169 1084 3233 τὸν
1096 3169 1208 3233 σκοπὸν
1222 3171 1302 3257 έχων
1316 3167 1362 3233 ἐπὶ
1378 3168 1458 3253 νοός,
1471 3169 1524 3232 καὶ

427 3279 460 3346 ού
473 3282 586 3356 κακίας
599 3289 776 3372 τυραννικῆς
793 3279 956 3371 ἐφιέμενος,
975 3278 1072 3345 ὅπλων
1086 3268 1269 3371 πεπλήρωκα
1282 3280 1335 3350 την
1348 3281 1461 3364 οἰκίαν,
1483 3279 1523 3354 ῶς

427 3394 552 3481 μάχης,
576 3392 612 3456 όιν
629 3397 760 3478 εἴποιμι,
784 3391 836 3460 την
853 3389 968 3478 ψυχήν.
987 3388 1033 3454 Δι’
1051 3391 1086 3461 ἣν
1104 3392 1218 3474 αἰτίαν,
1239 3391 1290 3453 καὶ
1312 3387 1431 3473 βλέπων
1446 3387 1525 3453 αὐτά

368 3514 385 3533 “
425 3500 496 3567 καθ’
511 3501 654 3586 ἑκάστην,
674 3501 767 3592 ὁρμῆς
782 3500 969 3591 ἐπληρούμην
987 3503 1109 3592 άρεῖκής
1122 3517 1130 3533 ·
1145 3503 1170 3563 εί
1186 3496 1220 3564 δέ
1232 3524 1290 3564 πον
1304 3501 1356 3563 καὶ
1376 3500 1525 3585 ἁπτοίμην

425 3609 549 3698 τούτων,
565 3603 765 3682 ἀνακλητικὸν
783 3606 845 3677 οἷον
857 3611 966 3682 ηύλουν
979 3613 1052 3702 πρὸς
1066 3611 1208 3698 πόλεμον,
1223 3611 1429 3703 λαμπρότερον
1442 3609 1523 3675 σάλ-

425 3749 547 3816 πιγγος.
567 3727 618 3800 Τίς
635 3720 665 3788 δ’
680 3723 771 3818 άλλρς
785 3719 871 3814 ἀνδρὶ
891 3731 1052 3813 στρατηγῷ
1072 3723 1186 3809 κόσμος
1203 3724 1332 3810 άμείνων
1349 3730 1407 3787 τῶν
1427 3720 1524 3788 ὅπλων

425 3843 487 3910 τοῖς
509 3830 614 3910 ἔξωθεν
635 3832 904 3925 παραθάλλονσιν;
929 3832 994 3899 ὅθεν
1014 3828 1199 3924 ἐκνδρούμηυ
1220 3842 1283 3909 τοῖς
1304 3832 1424 3917 ὅπλοις,
1446 3833 1523 3919 ὁμο·

425 3943 525 4035 λογῶ·
540 3946 607 4028 καί,
622 3939 764 4031 μονουοὺ’
775 3944 903 4030 πόλεμον
916 3940 1035 4029 βλέπων
1049 3944 1100 4008 καὶ
1115 3939 1299 4035 παρατάξεις
1316 3948 1520 4036 στρατιωτῶν,

424 4052 656 4144 παρεθηγούμην
671 4056 712 4129 εἰς
726 4048 852 4144 ἀνδρίαν
868 4055 922 4119 καί
935 4079 964 4118 τι
978 4054 1030 4118 καὶ
1051 4033 1197 4118 Ιλνυάλιον
1216 4053 1340 4139 ἔμελπον
1348 4046 1371 4113 ³.
1391 4050 1450 4113 Καὶ
1467 4047 1525 4113 άλ-

458 4257 542 4309 ¹vide
554 4275 582 4310 ιι.
599 4261 661 4323 l,p.
678 4259 701 4306 8.
988 4257 1052 4318 Sed,
1070 4273 1144 4322 quum
1163 4256 1251 4305 dixerit
1277 4255 1459 4306 Declamatione
1481 4271 1523 4306 se-

456 4335 624 4403 ’ῦοό.,μο’νον
631 4336 666 4387 οὔ.
673 4335 746 4401 Sicb.
754 4334 780 4395 6,
790 4337 829 4395 12.
837 4335 873 4386 Cf.
883 4352 908 4400 p.
918 4338 959 4386 20.
988 4337 1063 4403 ptima
1069 4340 1164 4401 μέλπων
1175 4332 1237 4402 Ἄρη,
1245 4349 1335 4384 nomen
1344 4331 1462 4386 Ἐνυάλιον
1469 4336 1524 4400 epi-

457 4415 634 4481 δδεινριοινιιιι
654 4413 711 4464 olim
730 4415 832 4464 ἐνυάλιον
851 4414 959 4478 ἔμελπον.
990 4414 1056 4465 theto
1083 4412 1188 4479 praetuli.
1212 4411 1341 4476 AEsehylus
1356 4412 1433 4463 Theb.
1457 4414 1487 4462 ὅθ
1515 4433 1520 4460 :
