3684 5659
795 627 953 690 ΜΕΛΕΤΗ
979 616 1038 689 1A'.
1391 622 1462 692 225

371 787 431 850 σιν,
449 762 575 829 ἔλαττον
593 758 668 827 τῶν1
685 766 737 826 τοῦ
754 761 903 851 ὁρωμένου
921 757 1099 845 βλέποντες,
1118 756 1173 825 διά
1190 761 1243 831 τὴν
1259 765 1313 826 τοῦ
1330 765 1464 848 ὄμματος

372 878 496 968 ίπαρσιν
516 875 569 939 καί
591 873 646 943 τὴν
665 871 795 937 έντεῡθεν
813 873 926 962 γωνίαν
943 875 1044 958 μεῖζον
1064 868 1184 955 βλέπειν
1204 877 1337 937 οίονται·
1356 872 1462 962 κάγώ,

371 984 530 1077 ἔγγθτερος
547 983 587 1048 ὢν
603 990 663 1048 τῶν
679 982 801 1065 λοιπῶν,
822 981 946 1046 ἔλαττον
963 979 1016 1069 μέν
1034 988 1109 1058 ἰ’σως
1125 981 1260 1065 έθλεπον,
1280 990 1334 1058 τῆς
1350 983 1464 1047 οἰκειό-

371 1118 459 1171 τητος
480 1092 666 1167 κλεπτοθσης
691 1092 742 1162 τὴν
766 1093 927 1174 αἴσθησιν,
953 1090 1032 1156 ἀλλά
1055 1096 1157 1178 μεῖζον
1177 1088 1301 1157 ἐδόκουν
1325 1089 1463 1176 βλέπειν,

371 1203 542 1293 ἁπτομένου
561 1207 614 1268 τοῦ
636 1204 751 1277 πάθονς
770 1203 824 1266 καὶ
842 1204 983 1276 τήκοντος
999 1201 1163 1293 ὁσημέραι,
1183 1204 1235 1267 καί
1255 1205 1395 1268 ἀναπνεῖν
1411 1202 1466 1268 οὐκ

371 1315 497 1399 ἐῶντος,
522 1314 580 1379 κάν
605 1315 761 1406 ἀριστείαν
788 1308 871 1399 εἶχον
879 1359 889 1396 ,
915 1312 973 1376 κάν
996 1311 1146 1400 ε’τιμώμην
1172 1312 1319 1397 ἐντεῦθεν,
1344 1314 1401 1379 κάν
1427 1316 1466 1378 τά

370 1421 486 1500 ἥδιστα
496 1427 646 1511 ἔπασχον.
661 1403 851 1512 Ιδλογιζέμην
864 1423 962 1485 τοίνυν
972 1423 1013 1508 μή
1026 1446 1090 1497 πως
1103 1423 1335 1516 ἀλλοτριώτερον
1347 1426 1467 1511 ἔχοντες

371 1536 445 1628 πρὸς
464 1535 500 1601 τὸ
521 1532 640 1622 συμθάν
664 1532 690 1598 οἱ
712 1531 836 1614 πολλοί,
864 1530 968 1620 σχοῖεν
992 1533 1043 1596 καὶ
1070 1534 1271 1624 ῥᾳθυμότερον
1287 1534 1360 1626 πρὸς
1377 1529 1467 1599 έκδί-

372 1668 476 1717 κησιν.
1285 1640 1290 1651 “

420 1755 481 1820 Διά
496 1757 585 1819 τοῦτο
600 1754 701 1843 φθάνω
718 1749 844 1826 τελέσας
862 1749 923 1841 ἐγὼ
943 1751 966 1815 ἃ
986 1759 1046 1827 πᾶς
1066 1752 1118 1817 καί
1143 1752 1235 1828 ἀλλος
1252 1748 1381 1828 δικαίως
1395 1754 1466 1843 κρί-

372 1887 432 1930 νων
447 1866 628 1958 εἰργάσατο.
647 1857 762 1951 Πατρί’
777 1861 837 1951 γάρ
855 1865 916 1924 ὄντι
935 1857 1001 1936 ἐξῆν
1021 1858 1094 1952 ὑπὲρ
1112 1861 1222 1938 ἀλλους
1242 1867 1340 1927 ταῦτα
1356 1872 1464 1947 ποιεῖν,

372 1976 426 2041 καί
440 1974 582 2050 κολάζειν
593 1973 644 2037 τὸν
654 1972 719 2036 υἱὸν
731 1972 958 2060 ἁμαρτάνοντα.
974 1951 1074 2062 ὁγὰρ
1090 1971 1144 2037 οὐκ
1159 1973 1196 2036 ἀν
1211 1971 1310 2049 ἄλλως
1323 1968 1465 2057 δικαίως,

372 2089 399 2151 εἰ
416 2085 459 2174 μὴ
479 2080 534 2150 διὰ
550 2085 590 2148 τά
605 2083 849 2174 κατορθώματα,
871 2081 922 2145 τὸν
938 2081 1002 2146 υἱὸν
1019 2080 1234 2173 εὐεργετήσων,
1256 2074 1342 2160 οἶκτος
1358 2083 1412 2148 οὐκ
1430 2085 1468 2150 ἀν

371 2195 493 2277 άλλως,
519 2198 545 2260 εἰ
567 2195 609 2283 μὴ
634 2189 688 2258 διά
711 2194 752 2257 τὰ
768 2191 1030 2279 πλημμελήματα,
1051 2189 1143 2269 ἀξίως
1160 2194 1313 2259 κολάσειε.
1332 2200 1381 2281 Τῷ
1396 2200 1469 2286 γοῦν

370 2301 540 2381 παιδευτὴς
555 2303 647 2380 αὐτὸς
669 2299 745 2368 εἶναι
766 2300 852 2393 φύσει
869 2303 921 2366 καί
940 2304 1063 2391 γνήσιος
1070 2347 1081 2387 ,
1102 2303 1287 2394 μετέρχομαι
1308 2303 1342 2368 τὸ
1364 2304 1468 2391 πλημ-

372 2415 512 2504 μέλημα,
530 2422 574 2502 τῷ
592 2410 626 2479 δὲ
641 2413 740 2503 πατὴρ
757 2404 844 2488 αὖθις
1063 2409 1184 2477 ceca?
1200 2415 1313 2505 ἔχθρας
1329 2411 1468 2478 ὑπόνοιαν

371 2525 524 2619 πέφευγα.
552 2526 612 2590 Καὶ
639 2526 756 2615 γίνεταί
777 2548 828 2611 μοι
850 2518 998 2598 δικαστὴς
1022 2525 1040 2593 ἡ
1062 2521 1149 2614 φύσις
1171 2530 1224 2598 τῆς
1244 2522 1467 2615 προαιρέσεως,

373 2632 505 2713 δικαίως
535 2633 751 2726 ἀλλοτριούοης
780 2632 908 2712 ἐκεῖνον,
941 2631 973 2697 ὃν
1003 2632 1080 2704 αὐτὴ
1111 2634 1299 2698 οἰκειώσασα
1329 2637 1470 2726 στερραῖς

373 2734 528 2839 ἀνάγκαις
539 2740 739 2834 κατεμπεδοῖ.
758 2724 835 2821 Ε’ξήν
851 2751 894 2830 τῷ
910 2745 1001 2836 πατρί
1020 2746 1072 2809 καί
1090 2742 1162 2836 ὑπὲρ
1179 2743 1249 2819 τοὺς
1267 2742 1388 2821 λοιποὺς
1401 2768 1470 2811 νου-

374 2858 484 2942 θετεῖν,
508 2863 536 2922 εί
549 2881 614 2932 πως
629 2856 682 2925 τὴν
702 2857 815 2920 κακίαν
836 2855 999 2938 άπόθοιτο,
1021 2856 1072 2919 καὶ
1098 2852 1171 2945 ὑπὲρ
1193 2852 1263 2930 τοὺς
1283 2854 1395 2931 άλλονς
1410 2882 1468 2921 κο-

374 2966 478 3044 λάζειν
494 2958 583 3043 αὖθις
600 2965 858 3054 μεταθεθλημένον
875 2960 982 3052 μηδέν.

423 3081 461 3144 Τί
465 3073 477 3109 ⁸
489 3080 569 3170 γάρ;
585 3081 610 3142 εί
628 3079 782 3170 παρίστων
799 3074 868 3163 ὑμῖν
886 3075 997 3141 ἐκεῖνον
1014 3078 1066 3141 καί
1085 3073 1307 3168 ε’ξετραγῴδονν
1324 3079 1377 3150 την
1393 3103 1470 3166 συμ-

374 3192 484 3282 φοράν,
503 3190 555 3254 καλ
573 3187 658 3276 ὑμεῖς
674 3187 800 3270 ηλεεῖτε,
818 3189 872 3250 καί
886 3210 902 3244 τ(
914 3182 1045 3251 Παίδευε
1057 3193 1161 3253 τοῦτον
1174 3212 1203 3272 ν,
1222 3189 1355 3280 ἐλέγετε·
1371 3214 1385 3246 t<
1399 3213 1471 3255 νου·

376 3297 454 3371 θέτει
476 3303 597 3383 τοῦτον,
618 3293 711 3386 μηδὲν
729 3300 821 3372 ἀνιείς
837 3313 870 3352 ν·
894 3295 954 3386 ἐγὼ
977 3293 1010 3361 δὲ
1031 3297 1212 3374 «Πολλάκις
1237 3299 1418 3372 ἐνουθέτησα
1433 3328 1467 3385 ν,

346 3418 349 3423 ’
376 3408 498 3502 ἔλεγον,
520 3432 538 3468 ι(
552 3408 699 3484 πολλάκις
718 3410 924 3499 παρῄνεσαν·
944 3409 995 3470 καὶ
1014 3407 1105 3490 ἄλλος
1122 3406 1174 3495 μέν
1189 3407 1271 3495 ὑμῶν
1295 3432 1311 3464 «
1330 3410 1471 3475 Νουθέτει

376 3678 438 3724 γιον.
450 3655 543 3708 cauom
558 3656 651 3708 obtinet
666 3655 786 3707 vocalium
805 3675 835 3706 ιν
853 3669 912 3720 per·
939 3655 1040 3708 Rectam
1053 3656 1158 3706 nominis
1171 3647 1318 3722 scripturam
1330 3653 1473 3725 Ἀνδροκύδης

377 3735 492 3789 mocio.
505 3735 534 3786 ln
545 3734 616 3785 Poeni
631 3735 755 3800 opusculis
768 3750 794 3798 p.
807 3736 839 3786 32
849 3772 856 3795 ‚
868 3750 914 3800 pro
940 3735 1053 3796 exhibet,
1064 3734 1151 3785 eodem
1165 3751 1223 3786 usus
1232 3735 1288 3785 loco
1296 3773 1303 3796 ‚
1311 3735 1473 3787 Nicomachus

377 3819 508 3885 γερόντιον,
523 3812 622 3864 codices
637 3812 688 3865 duo
700 3812 816 3863 exhibent
827 3817 916 3880 γιράν-
939 3813 1041 3878 leagoge
1052 3813 1218 3875 arithmetica,
1230 3830 1257 3880 p.
1270 3816 1312 3864 70.
1327 3815 1363 3864 De
1376 3816 1474 3878 Andro-

377 3890 560 3960 δρωνοριῖιιιε,
569 3889 642 3941 modo
654 3892 793 3960 γεράνδρυον
803 3890 916 3956 corriga—
940 3891 1003 3956 cyde
1014 3892 1096 3942 monui
1108 3891 1141 3942 ad
1152 3893 1246 3943 Anecd.
1260 3893 1303 3943 Gr.
1312 3901 1331 3942 t.
1340 3893 1365 3953 1,
1374 3910 1402 3960 p.
1415 3898 1469 3944 11².

378 3980 429 4023 tur·
438 3968 717 4030 Pflwdo-Galliothenoo‚
731 3974 754 4031 1,
765 3972 795 4019 28
807 3989 814 4018 ι
826 3973 915 4028 πλήξας
974 3967 982 3995 ¹
997 3968 1038 4019 Sic
1047 3970 1127 4020 codex
1139 3980 1195 4020 τῶν.
1208 3970 1275 4020 Fort.
1287 3972 1385 4021 ἔλαττόν
1397 3993 1454 4029 πως.

379 4058 415 4119 τῷ
435 4050 534 4118 δόρατι,
554 4048 693 4115 δορίκτητον
714 4048 757 4115 ἔφη
780 4055 823 4105 τὴν
841 4042 913 4097 Ἀσίαν
973 4044 1237 4111 ’8οθο1.ιάντίληψις.

378 4124 617 4194 ίχιιν.”λίο1ἰοτετὶῑ
632 4125 754 4190 scriptura
767 4127 914 4195 δορίκτητον.
974 4124 1038 4173 'Est
1066 4125 1194 4185 lacunula,
1214 4125 1253 4174 cui
1279 4135 1361 4190 potest
1382 4125 1473 4186 inseri,

378 4207 485 4267 ldenm
499 4243 507 4267 ‚
519 4206 552 4256 ss‘:
562 4207 646 4258 Mon..
660 4207 710 4275 ἴδῃς
724 4205 838 4273 δράκοντα
850 4205 915 4273 έρπί-
940 4207 1059 4266 γενέσθαι,
1070 4201 1109 4250 vel
1126 4200 1186 4250 εἶναι
1203 4209 1243 4251 καὶ
1260 4207 1397 4263 καλεῖσθαι,
1409 4219 1473 4270 qua-

378 4295 451 4349 ςοντοι
472 4288 512 4337 cui
532 4283 914 4351 σῖ.1ωοίριιὺζοντα.ΡκεΙιγ-
940 4297 993 4331 rum
1017 4278 1164 4345 syllabarum
1186 4295 1263 4345 capax
1289 4295 1344 4332 esee
1368 4282 1473 4344 videtur,

378 4363 441 4414 mcci
452 4361 637 4426 Prolegomenic
650 4360 682 4411 de
695 4361 800 4419 Musica,
814 4376 840 4425 p.
852 4362 914 4420 ³70,
940 4360 1083 4425 scriptarum
1093 4358 1277 4423 compendiose.

378 4440 499 4507 allegam
512 4439 559 4490 fuit
571 4443 584 4492 ὁ
599 4443 754 4508 Πυθαγορικὸς
764 4434 914 4507 λνδροκίδης.
974 4435 985 4463 ⁴
996 4435 1094 4486 Schol.:
1105 4439 1217 4488 πλαστόν.
