3684 5659
371 603 441 675 188
706 612 741 670 Γ.
770 611 844 670 ΤΟΥ
869 608 1124 671 ΠΑΧΥΜΕΡΟΥΣ

368 743 541 834 πικρότερον
563 746 665 806 τοῦτον
688 750 724 830 τῇ
749 742 867 831 γυναικὶ
892 743 1115 833 ἀπεργάζεται,
1141 743 1193 806 καί
1219 738 1464 833 τηνπροςῳδίαν

371 852 557 919 ἐναλλάττων
573 854 606 917 τό
623 853 711 945 ῥητὸν
729 847 885 942 παροξύνει
893 848 915 936 ¹,
935 853 1002 939 άμα
1016 847 1116 917 δὲκαὶ
1134 855 1189 929 τάς
1202 851 1284 941 ὑμῶν
1298 852 1414 931 ἀκοάς*
1424 857 1464 932 είς

370 963 404 1028 τὸ
417 962 529 1035 ταύτην
542 972 637 1028 ποιεῖν
651 958 817 1050 δημοσίαν,
834 957 954 1033 δηλαδὴ
968 957 1091 1046 δούλην,
1109 965 1182 1045 καί,
1198 962 1271 1055 πρὸς
1284 973 1349 1040 τοῖς
1362 964 1465 1042 ἄλλοις

371 1067 497 1157 δεινοῖς,
520 1067 564 1149 οἷς
582 1072 658 1144 αὑτὴ
677 1072 785 1143 ἑαυτὴν
799 1071 833 1138 ἐκ
849 1080 903 1147 τῆς
918 1075 1054 1163 αἰσχράς
1071 1072 1164 1149 αὑτῆς
1182 1073 1328 1165 ἐργασίας
1345 1073 1380 1140 ἐκ
1396 1076 1465 1142 πολ·

371 1182 424 1248 λοῦ
447 1182 623 1274 περιέθαλε,
648 1185 701 1249 καί
724 1182 835 1254 ταύτην
853 1183 1040 1274 προςτιθέναι
1058 1184 1109 1255 τὴν
1127 1179 1312 1269 καταδίκην,
1331 1185 1372 1260 ὡς
1388 1181 1464 1273 μηδὲ

370 1295 423 1366 τὴν
444 1295 504 1360 ἀπὸ
523 1294 660 1387 πατέρων
679 1293 848 1386 ἐλευθερίαν
870 1297 964 1382 ἔχειν,
984 1275 1113 1366 Ᾰττικήν
1130 1320 1164 1386 γε
1181 1287 1275 1360 οὑσαν
1292 1297 1345 1360 καὶ
1363 1276 1463 1369 Ιὺλλη-

371 1402 442 1471 νίδα
454 1407 488 1470 τό
504 1404 661 1489 ἀνέκαθεν,
682 1401 831 1492 βούλομαι
850 1401 963 1498 βραχέ’
980 1401 1075 1471 ἀττοι8
1089 1406 1163 1498 πρὸς
1180 1405 1270 1471 αὑτὸν
1287 1409 1393 1490 εἰπεῖν,
1412 1409 1463 1473 καὶ

373 1512 469 1592 δεῖξαι
487 1515 505 1587 ἢ
523 1518 690 1606 ἀγνοοῦντα
706 1515 775 1592 τοὺς
792 1517 900 1604 νόμους
917 1523 970 1591 τῆς
987 1516 1102 1592 πόλεως
1117 1525 1160 1604 τῷ
1177 1513 1208 1593 έξ
1225 1516 1368 1594 ἐπιπολῆς
1385 1514 1466 1609 διέρ-

372 1630 501 1716 χεσθαι,
526 1626 622 1715 ἢμην
645 1630 874 1717 κακουργοῦντα
899 1628 941 1701 εἰς
966 1627 1076 1716 πικράν
1099 1635 1152 1702 τῆς
1171 1626 1368 1719 ταλαιπώρου
1390 1626 1465 1699 ἐπή-

372 1755 472 1830 ρειαν·
493 1737 566 1815 ὤςτε
582 1737 597 1803 θ
612 1736 665 1824 μὲν
680 1744 734 1812 τῆς
750 1737 860 1827 πόρνης
877 1735 971 1822 ε’στίν,
991 1740 1034 1812 εἰς
1050 1737 1176 1802 κόλασιν
1192 1743 1268 1829 άγον
1284 1737 1398 1810 ταύτην
1414 1739 1465 1804 καί

372 1852 519 1941 τιμωρίαν
542 1851 594 1921 τὴν
617 1848 692 1923 τέως
717 1851 946 1940 προςίικουσαν,
976 1847 1088 1924 ἐκείνης
1113 1851 1190 1912 ἔστω
1215 1849 1307 1935 μόνης
1333 1851 1387 1915 καὶ
1413 1848 1466 1914 οὑκ

374 1959 463 2047 ε’μοὺ·
493 1958 508 2024 θ
533 1956 564 2024 δ’
590 1959 673 2048 ε’μόν,
695 1960 730 2024 τὸ
753 1956 822 2034 τοὺς
846 1957 954 2045 νόμους
976 1953 1148 2048 ἐξηγεῖσθαι
1171 1959 1274 2035 καθὼς
1293 1959 1348 2030 τὴν
1370 1959 1467 2051 ἀρχὴν

374 2069 566 2162 ε’γράιρησαυ,
593 2076 651 2135 κάν
671 2068 728 2134 ποὺ
750 2094 795 2144 τις
814 2067 914 2143 ἀλλως
934 2068 1147 2159 ἀναγινώσκη,
1169 2070 1283 2134 οἰκείαν
1301 2065 1397 2160 ὄρεξιν
1413 2068 1467 2134 ἔκι-

374 2182 507 2274 πληρόιν,
527 2180 612 2256 εὑθὺς
629 2180 764 2271 ἐλέγχειν
779 2179 832 2250 τὴν,
846 2179 1052 2269 κακουργίαν·
1074 2178 1108 2244 οὑ
1124 2179 1238 2266 μᾶλλον
1253 2189 1318 2256 τοῖς
1331 2179 1467 2254 πολίταις

374 2292 394 2363 ἢ
410 2301 474 2368 τοῖς
491 2292 592 2380 νόμοις
610 2290 713 2367 αὑτοῖς
731 2287 865 2375 βοηθεῖν,
885 2288 968 2354 τοῦτ’
987 2289 1057 2377 έμὺν
1074 2293 1166 2354 ἔστω.
1184 2292 1243 2355 Καὶ
1262 2286 1372 2379 μηδεὶς
1387 2289 1468 2355 τοὺν·

375 2407 475 2469 τεὺθεν
489 2402 599 2495 λεγέτω
617 2403 659 2479 ὡς
674 2404 694 2474 ἡ
709 2403 803 2493 πόρνη
819 2402 871 2466 καὶ
889 2401 924 2464 τό
937 2397 1009 2492 ὑπὲρ
1023 2408 1076 2476 τῆς
1088 2401 1198 2492 πόρνης
1214 2398 1311 2492 λέγειν
1324 2401 1466 2493 αἰσχρόν,

376 2513 443 2580 ἀλλ’
461 2515 501 2591 ὡς
520 2515 547 2580 οἱ
565 2515 697 2602 κείμενοι
715 2515 800 2601 νόμοι
817 2506 868 2577 καί
887 2512 921 2576 τό
940 2509 1012 2603 ὑπὲρ
1029 2519 1088 2575 τῶν
1104 2512 1203 2599 νόμων
1218 2511 1314 2603 λέγειν
1331 2514 1385 2578 καί
1402 2511 1468 2578 λίαν

376 2621 499 2691 καλόνέ.
524 2621 611 2690 Οὑτω
635 2626 693 2718 γάρ
717 2627 769 2690 καὶ
795 2621 897 2712 ὑμεῖς,
926 2621 1047 2712 ἀφέντες
1070 2622 1122 2695 τὴν
1143 2623 1253 2714 πόρνην
1277 2623 1330 2688 καὶ
1354 2625 1395 2688 τά
1417 2630 1468 2699 τῆς

376 2736 503 2829 πόρνης,
519 2736 582 2803 όλοι
594 2739 756 2826 γενήσεσθε
773 2743 832 2800 τῶν
848 2741 902 2809 τῆς
917 2732 1033 2808 πόλεως
1044 2733 1155 2819 νόμων,
1173 2727 1219 2809 οἷς
1233 2734 1270 2798 ἂν
1282 2735 1335 2799 καὶ
1351 2729 1468 2801 δίκαιον

378 2844 499 2931 βοηθεῖν
520 2849 708 2937 ἡγήσαισθε,
734 2848 774 2921 ὡς
799 2846 836 2910 ἀν
858 2845 899 2932 μὴ
921 2847 1003 2909 κατά
1029 2869 1058 2908 τι
1080 2844 1351 2936 παρατρεπομένων
1372 2845 1469 2911 αὑτῶν

378 2957 505 3033 πολλοὺς
522 2961 620 3046 ἔχοιεν
637 2954 755 3023 ἀδικεῖν
771 2981 848 3031 τινες
865 2951 1049 3031 ἐξεπίτηδες.

427 3067 577 3157 Βούλομαι
596 3064 646 3132 δέ5
662 3069 767 3161 μικρὸν
784 3070 896 3132 ἀνωθεν
909 3066 962 3136 τὴν
974 3065 1120 3158 ὑμετέραν
1133 3069 1321 3155 κοσμιότητα
1334 3065 1468 3156 ὑπομνῖι·

380 3205 451 3262 σαι,
472 3182 524 3244 καὶ
551 3175 721 3263 διαλαθεῖν,
745 3187 788 3266 τῷ
811 3174 913 3242 δοκεῖν
935 3176 987 3265 μὲν
1010 3179 1074 3270 περὶ
1094 3186 1147 3253 τῆς
1163 3179 1307 3269 γυναικὸς
1326 3177 1419 3255 αὑτῆς
1436 3173 1470 3255 ἧς

379 3293 470 3382 χάριν
482 3294 533 3356 καὶ
547 3293 565 3362 η
580 3294 721 3381 παροῦσα
739 3292 943 3380 συνάθροισις,
961 3297 997 3377 τῇ
1013 3284 1042 3352 δ’
1056 3288 1182 3373 ἀληθεία
1200 3287 1273 3380 ὑπὲρ
1287 3295 1341 3355 τοὺ
1358 3293 1470 3366 πάθους

380 3401 491 3488 αὑτοῦ,
511 3412 574 3479 πῶς
590 3411 627 3491 τῇ
645 3399 773 3492 ὑμετέρᾳ
790 3401 943 3485 πολιτεία,
965 3402 1006 3476 ὡς
1027 3399 1102 3470 άλλη
1122 3425 1168 3476 τις
1185 3402 1273 3477 νόσος
1291 3410 1352 3467 τῶν
1373 3402 1469 3491 χαλε-

379 3521 455 3599 πῶν,
476 3512 509 3578 ἐκ
525 3511 636 3578 πολλοῦ
653 3510 881 3602 παρειςέρρησε.

416 3721 527 3770 ’Μυῑοτιε
542 3731 684 3782 accentum,
699 3723 829 3789 πριςῳδίαν
847 3722 913 3770 ivai·
940 3720 1075 3774 credidisse
1089 3720 1201 3773 videniur
1213 3723 1278 3772 ἄττα
1291 3737 1347 3772 esse
1362 3733 1472 3776 neutrum

381 3806 482 3855 λάττων,
496 3800 536 3864 qui
546 3799 641 3849 scilicet
654 3803 756 3863 δημοσία
768 3799 867 3848 diceret.
940 3798 1052 3868 adjectivi
1063 3801 1142 3856 άττος.
1152 3800 1256 3866 Scripsit
1266 3801 1331 3850 enim
1342 3801 1473 3866 Procopius

414 3877 914 3944 'Videturverbumperiissequoregatur
940 3879 998 3926 Arc.
1022 3879 1068 3938 28,
1091 3894 1118 3944 p.
1144 3878 1213 3928 154:
1238 3883 1250 3929 ὁ
1274 3884 1342 3943 νόμος
1367 3880 1473 3945 ἐμποδὼν

381 3957 532 4009 accusativus
542 3959 621 4014 ἀκοάς.
631 3957 655 4006 Si
665 3973 680 4006 a
689 3961 813 4026 παροξύνει
821 3956 926 4022 pende-·
939 3957 1040 4016 ἵστατο,
1053 3963 1097 4014 τὰς
1112 3963 1155 4022 μὲν
1174 3959 1247 4014 ἄλλας
1260 3958 1327 4016 δίκας
1344 3960 1473 4016 ἁπάσαςδς

380 4035 913 4106 ὑυυίτὸρητόνθῑτάςάκοάς,1υειιείὶθῑίηνυν·
940 4041 1116 4103 τριακοντοῦτιν
1131 4024 1288 4105 παραγραφὴν
1304 4038 1379 4101 ἄγων,
1397 4038 1473 4101 ὀλίγας

381 4115 428 4174 bis,
441 4116 480 4164 cui
490 4131 555 4164 nunc
567 4131 615 4165 non
626 4115 703 4165 locus.
714 4114 752 4164 Cf.
764 4130 790 4180 p.
802 4117 856 4173 193,
870 4117 910 4164 27.
941 4116 967 4165 δὲ
984 4117 1059 4172 ἀττας
1075 4121 1114 4164 καὶ
1126 4121 1170 4172 τὰς
1181 4115 1340 4184 ὑποθηκαρίοις
1356 4122 1474 4184 τεσσαρά-

415 4192 471 4242 'De
492 4195 556 4244 ἄττα
574 4194 609 4244 nil
633 4193 712 4244 habeo
734 4193 800 4260 quod
818 4193 911 4251 dicam,
940 4213 1009 4243 κοντα
1030 4196 1140 4243 ἐνιαυτῶν
1160 4201 1230 4257 μήκει
1249 4196 1371 4263 ἐκκρούων.
1392 4194 1472 4245 Graeca

382 4269 443 4318 adeo
454 4273 610 4337 pervulgatus
618 4284 655 4322 est
665 4271 834 4337 ejusvocabuli
845 4289 913 4322 usus.
941 4273 1018 4321 oratio
1028 4271 1112 4335 purior
1126 4271 1244 4337 poscebat
1253 4274 1333 4337 ὀλίγας
1345 4273 1372 4324 δέ
1383 4293 1457 4333 τινας.

382 4347 580 4399 Αηῑτηοότετῑετε
605 4360 685 4401 tamen
709 4367 790 4416 operae
808 4353 913 4417 pretium
974 4347 1043 4399 ’Καὶ
1055 4355 1107 4400 λίαν
1119 4349 1199 4414 καλόν]
1212 4350 1267 4401 vide
1281 4367 1305 4400 n.
1323 4353 1353 4414 3,
1367 4367 1393 4417 ρ.
1410 4356 1463 4402 1ῖ6.

381 4423 454 4473 suerit
470 4422 697 4489 jurisconsultorum
717 4427 853 4478 barbariem
872 4427 913 4492 qui
974 4428 1304 4500 'Schol.=npoxaro'wvaoi;.
