3684 5659
766 603 830 668 nm
859 609 1078 673 otnnrriou
1397 612 1467 685 297

426 726 509 827 ppc'.
528 736 590 800 Etr
591 735 734 827 ροίπελος1
749 747 853 829 χοῖρον
871 738 1033 828 κλέψας’
1016 742 1163 836 ειρευγενῖ
1155 751 1253 813 Επεὶ
1269 744 1470 841 δὲκατελαμ

378 845 502 932 doluere,
524 847 635 924 ertg’
601 850 691 913 αυτὸν
713 853 832 937 χαμαί,
855 857 907 916 καὶ
930 848 1041 945 δέρων,
1066 855 1196 948 ἔλεγεν·
1221 883 1236 916 «
1254 840 1363 926 n'set’‘
1347 887 1465 953 ορυττε,

374 960 427 1024 καὶ
444 986 485 1046 μη
502 963 586 1050 παρὰ
603 963 642 1024 Τὰ
660 958 736 1047 ἐμαὸ
748 987 775 1022 ))

424 1113 504 1213 ρριζ’.
524 1123 586 1187 Εὐτ
586 1121 730 1215 ροίπελος6
732 1172 741 1209 ,
762 1122 834 1191 ἰδὼν
851 1130 1007 1218 κακόηχον
1022 1134 1074 1195 καί
1093 1135 1266 1224 κακόφωνον
1283 1133 1465 1227 κιθαρῳδόν,

374 1234 537 1302 ἠσπάσατο
554 1233 664 1374 λέγῳν·
687 1259 702 1292 ι(
719 1241 832 1326 Χαῖρε,
853 1237 1024 1328 ἀλεκτρυών
1042 1264 1071 1300 υ
1094 1246 1153 1306 Τοῦ
1173 1239 1285 1309 did
1227 1247 1285 1309 πυθ
1288 1246 1392 1333 οριένου
1414 1242 1468 1313 διὰ

374 1345 404 1405 τί
426 1341 516 1408 αὐτὸν
536 1339 629 1408 ουτω7
645 1346 892 1436 προςηγόρευσεν,
914 1351 985 1438 ἔφη·
1013 1373 1027 1405 n
1045 1325 1157 1436 Οτι,”
1139 1377 1211 1417 οταν
1228 1353 1265 1419 σὺ
1283 1353 1464 1447 κοκκύοῃςε,

374 1455 484 1530 πάντες
501 1452 724 1545 εγείρονταιθ.
695 1482 724 1520 υ

423 1609 504 1709 ρμιί.
529 1618 745 1711 Εὐτροίπελος10
765 1621 897 1714 ρλυοίρου
918 1622 1049 1714 κουρέως
1071 1622 1291 1716 ἐρωτήσαντος,
1314 1654 1331 1687 n
1346 1632 1414 1708 Πῶς
1432 1649 1466 1696 σε

374 1733 463 1822 κείρω
478 1756 512 1806 υς
532 1755 548 1789 n
562 1737 685 1797 Σιωπῶν
700 1756 716 1790 ν
734 1729 826 1824 ipen.

423 1885 502 1984 ppb'.
529 1895 757 1989 ntrpstrrstogfl,
784 1898 813 1963 ἐν
835 1895 989 1987 βαλανείῳ
1013 1898 1071 1965 ὑπό
1091 1926 1169 1979 τινος
1190 1901 1357 1996 ὑδρισθείς,
1381 1910 1465 1998 ριοίρ-δ

373 2025 466 2097 πνρας
482 2006 639 2099 προςέρερε
655 2007 725 2084 τοὺς
741 2009 938 2101 παραχύτας.
958 2015 1016 2075 Τοῦ
1035 2007 1068 2076 δὲ
1086 2009 1239 2079 ἀντιδίκου
1256 2015 1468 2106 ἀποὲαλλομέ-

373 2236 470 2276 rassent
482 2227 624 2291 praefectum
636 2227 746 2277 Orestem
756 2227 780 2276 in
795 2227 906 2278 vehiculo
934 2229 989 2278 loco
1003 2231 1026 2279 in
1042 2240 1131 2281 terram
1144 2232 1285 2292 deluderet.
1297 2251 1347 2286 non
1357 2236 1389 2286 ab
1403 2238 1467 2288 aedi-⁶

372 2303 562 2368 procedentem,
586 2306 769 2355 circumstantes
787 2306 906 2370 protervis
933 2305 1064 2373 busprope
1074 2310 1134 2359 suis.

372 2381 521 2447 proscidisse
532 2383 599 2434 illum
611 2384 742 2445 conviciis,
760 2395 785 2434 et
802 2384 907 2433 Ammo-
966 2383 976 2410 ⁰
988 2385 1089 2434 Estinbl
1100 2387 1466 2447 ror,eeint>.nbesracaeteris.

372 2459 439 2510 nium
468 2460 596 2524 quemdam
629 2461 723 2511 caeteris
751 2462 906 2512 audaciorem
967 2461 1021 2522 llll,
1035 2461 1116 2521 οὕτως.

371 2541 480 2604 prrefecti
491 2542 582 2590 crimen
597 2541 722 2605 purgantis
736 2551 810 2607 caput
824 2541 905 2605 lapide
967 2537 1025 2600 Ἦ,
1034 2547 1134 2610 nostem.

373 2619 532 2682 percussisse.
560 2619 622 2668 ‘lum
646 2619 802 2685 lapidationis
824 2630 904 2679 metu,
967 2614 1340 2688 οἘγιι’ροντοιι]ειιιςζιιιιιοογιισ
1354 2625 1464 2687 scilicet,

371 2696 486 2746 Socrates
504 2696 551 2757 ait,
569 2698 728 2764 ὑποχωροῦσιν
746 2700 768 2747 οἱ
787 2702 905 2755 ταξσῶται
932 2707 958 2746 et
986 2697 1145 2748 cithnroedum
1174 2698 1308 2763 parietibus
1336 2715 1465 2756 canentem

371 2780 431 2832 πλὴν
452 2777 542 2839 ὀλίγον.
567 2775 663 2826 Valesio
685 2776 811 2841 interpreti
829 2776 905 2826 latino
931 2776 1080 2841 relinquunt.

371 2857 490 2912 ταξιῶτοιι
512 2865 568 2903 sunt
588 2874 599 2898 α
619 2855 805 2920 apparitores».
825 2855 907 2906 Potuit
966 2853 1084 2905 ¹⁰Exstat
1093 2856 1117 2904 in
1131 2871 1180 2905 uno
1193 2856 1224 2906 Α.

372 2933 445 2984 etiam
457 2933 498 2982 hic
509 2935 556 2984 loci
573 2935 659 2983 saltem
675 2933 794 2984 vocabulo
807 2953 818 2979 ι
829 2933 903 2984 satel·
966 2932 986 2959 ⁴¹
999 2933 1026 2982 ld
1035 2948 1179 2997 responsum
1191 2935 1312 2985 Archelao
1322 2937 1373 3000 regi
1383 2939 1466 2991 tribuit

372 3011 443 3068 lites.
457 3011 557 3061 lictores
570 3033 581 3058 ν
595 3013 638 3061 uti.
653 3013 806 3063 Herodianus
823 3012 903 3077 Epim.
931 3011 1074 3060 Plutarchus
1095 3012 1131 3060 De
1151 3029 1216 3076 garr.
1244 3016 1271 3062 l8
1287 3029 1293 3062 t
1312 3024 1464 3085 χαριέντωςὸ

371 3107 398 3155 p.
414 3091 477 3149 ato,
489 3090 621 3141 nominain
637 3098 850 3149 desererensens,
863 3111 905 3141 τοι·
931 3095 1039 3158 βασιλεὺς
1060 3085 1194 3159 Ἀρχέλαος,
1219 3093 1346 3157 ἀδολέσχου
1369 3105 1466 3165 κουρέως

372 3175 459 3227 ξεώτης
472 3168 496 3216 ln
513 3169 622 3217 ordinem
642 3169 749 3233 recepit,
767 3168 811 3218 sed
826 3169 905 3218 inter·
931 3174 1094 3236 περιὸαλόντος
1106 3169 1169 3236 αυτῷ
1187 3177 1213 3220 τὸ
1228 3174 1350 3235 ὠμόλινον,
1364 3183 1404 3227 καί
1418 3192 1466 3227 πυ·

371 3247 511 3310 pretatione
530 3261 578 3294 non
600 3246 693 3294 Mrddita
718 3247 831 3296 Ceterum
856 3262 904 3295 nun
931 3252 1040 3310 θομίνου,
1051 3253 1102 3305 Πῶς
1111 3267 1135 3297 σι
1144 3255 1227 3316 κείρω
1239 3255 1349 3319 βασιλεῦς
1358 3259 1463 3314 cronno,

370 3326 444 3375 silent
457 3323 545 3373 lerina
930 3325 942 3373 t
959 3345 983 3380 η

405 3401 668 3460 ‘AbestablletP.‚
678 3399 774 3449 etEdd.
788 3400 905 3452 Estblt'n
964 3400 1164 3462 ¹²Abestablll,
1174 3405 1250 3464 etP.,
1263 3407 1365 3456 etEdd.
1377 3409 1462 3460 estet

372 3484 464 3548 Apogr.
477 3481 548 3530 Voss.
561 3491 586 3530 et
598 3480 645 3530 llh
931 3495 956 3526 ru
970 3481 1060 3542 rlpogr
1074 3479 1154 3539 Voss.;
1149 3482 1222 3528 ets
1216 3497 1241 3530 rn
1251 3481 1298 3530 Rh
1311 3483 1367 3533 ubi·
1361 3483 1466 3555 ’ὓὸριως

406 3557 446 3609 ’A
454 3561 655 3628 ,χειρονκλοψας
666 3559 738 3610 Voss.
753 3559 811 3617 Rh„
826 3569 906 3628 χοῖρον
931 3558 954 3605 ἐν
971 3561 1096 3621 βαλανείου
1115 3557 1160 3620 (V.
1180 3558 1312 3628 βαλανείῳ)
1329 3571 1464 3628 γενομένης,

371 3643 407 3689 χ),
930 3635 1312 3707 ευτράπελοςρήτωρκατηγόρει,
1324 3649 1363 3692 καί
1375 3649 1465 3714 μάρτυ-

405 3717 495 3768 ⁸Voss.
511 3716 597 3776 Ru„
584 3735 673 3785 ιρνγιν.
930 3736 973 3782 ρας
991 3717 1067 3765 ἐκάλει
1085 3735 1138 3773 τους
1154 3733 1292 3785 περιχντας
1306 3730 1352 3771 τῶν
1364 3724 1412 3773 u’
1401 3745 1464 3776 arro

405 3791 496 3845 ‘Voss
507 3795 566 3854 nh„
576 3801 621 3852 θείς
632 3795 703 3845 αὐτὸν
713 3795 842 3854 ἔτυπτε,
822 3801 903 3846 ειποίν.
930 3798 1108 3858 Gallopirer‘
1096 3816 1126 3853 ως
1140 3804 1174 3861 μὴ
1193 3817 1265 3849 οντων
1287 3798 1332 3864 (sic
1350 3811 1376 3850 et
1394 3802 1463 3854 Voss·

405 3873 497 3923 ‘Voss
513 3873 573 3932 Rh.,
590 3875 666 3924 ἄλλων
683 3875 758 3942 ὤρνυε
773 3881 858 3937 καὶμὴ
873 3880 904 3923 τὰ
930 3872 991 3922 Puto
1005 3873 1125 3924 excidisse
1141 3879 1295 3939 ἀξιοπίστων,
1310 3891 1334 3929 et
1350 3881 1370 3930 si
1388 3881 1464 3931 Rhoe⁴

372 3955 427 4015 ἐμοί.
449 3952 580 4002 Historiola
601 3963 639 4002 est
663 3952 844 4007 subobscurior,
869 3952 905 4002 sic
929 3951 978 4001 rius
989 3960 1024 4015 μὴ
1043 3952 1114 4004 ὄντων
1130 3970 1176 4020 per
1189 3972 1215 4006 se
1232 3969 1298 4006 stare
1313 3972 1385 4021 posse
1398 3958 1463 4008 affir-

372 4030 424 4080 sere
440 4030 607 4095 intelligenda.
623 4031 703 4094 Fingit
717 4030 756 4080 fur
767 4031 866 4080 festivus
877 4047 904 4081 se
930 4027 1003 4092 met),
1015 4031 1066 4099 ἔφη.
1079 4035 1108 4081 Εἰ
1120 4040 1162 4096 μὲν
1172 4036 1194 4083 ἐν
1204 4045 1239 4101 τῷ
1249 4042 1336 4102 Δουρίῳ
1348 4037 1414 4103 ἵππῳ
1424 4035 1460 4094 ἦν,

373 4125 420 4157 non
439 4109 527 4169 furari,
543 4109 587 4160 sed
601 4110 686 4174 procul
706 4107 828 4160 abducere
841 4124 904 4174 por·
929 4114 1047 4176 παρέσχον
1065 4111 1092 4159 ἂν
1108 4116 1231 4178 μάρτυρας
1243 4117 1356 4161 Μενέλαον
1370 4133 1393 4162 κ.
1409 4109 1460 4164 Ὀδ.

372 4204 441 4245 cum,
454 4187 494 4251 qui
507 4187 592 4237 morbo
607 4187 747 4252 contagioso
757 4187 865 4246 laboret,
879 4198 904 4237 et
930 4208 952 4236 κ.
964 4194 1047 4250 Arois„
1058 4191 1079 4237 εἰ
1094 4189 1119 4238 δὲ
1131 4191 1153 4238 ἐν
1163 4194 1293 4257 βαλανείῳ,
1306 4192 1395 4254 ἀνάγκη
1408 4197 1461 4250 τοὺς

371 4266 437 4316 humi
452 4267 589 4330 depositum
601 4267 707 4332 impacto
718 4266 780 4316 lusto
789 4265 902 4325 necabat,
928 4269 1059 4334 περιχὺτας
1073 4274 1100 4317 τὸ
1113 4288 1156 4336 πρ.
1170 4289 1198 4331 μ.
1213 4269 1258 4318 οἰδ.
1271 4268 1363 4320 Nomen
1380 4291 1462 4339 παρα-

370 4345 490 4410 simulque
518 4345 641 4395 dominum
664 4345 705 4411 qui
729 4355 904 4410 supervenerat
929 4349 1002 4410 χὺτης
1016 4344 1137 4394 codicisrl
1154 4357 1391 4416 ριπειολτῷπιριχ.
1407 4349 1461 4399 Fuit

372 4421 486 4486 rogabat,
496 4433 523 4472 ut
533 4423 651 4486 pestilens
664 4422 769 4474 cadaver
783 4423 830 4472 hoc
847 4424 901 4489 ipso
926 4424 976 4489 jam
986 4423 1200 4493 ποιραχίτηςςνιί.

1280 4509 1319 4568 38
