3684 5659
808 627 966 690 ΜΕΛΕΤΗ
992 617 1048 690 ΙΒῙ.
1403 624 1474 694 245

378 760 474 854 φυγὴν
493 761 528 827 τὸ
550 760 662 826 ἄσυλον
685 764 832 850 ἔχουσαν,
853 762 965 834 ταύτην
983 765 1117 850 ματαίαν
1135 761 1305 854 ἀπέφηνας,
1325 766 1377 829 καί
1397 790 1475 856 προ-

378 868 475 948 όίόως
497 871 551 960 μἐν
566 882 629 948 τοῖς
651 871 770 963 ἐχθροῖς
794 872 864 949 τοὺς
887 871 1019 964 ἀνδρας,
1044 874 1097 943 τὴν
1121 870 1151 936 θ’
1173 876 1213 949 εἰς
1236 875 1275 938 τά
1299 875 1364 965 ἱερά
1388 878 1474 964 τείχη

378 984 557 1074 καταφυγὴν
589 982 729 1053 ἀνόνητον
759 986 921 1066 καθιστᾷς.
952 979 1030 1047 Εἶτα
1059 985 1290 1074 καταφυγόντας
1319 984 1389 1070 μέν,
1421 988 1473 1049 καί

353 1117 356 1121 ’
377 1094 572 1184 ἁμαρτόντας
594 1099 666 1157 εἴπω
687 1093 770 1167 τινάς
792 1093 843 1157 καί
863 1089 965 1167 ἀξίους
988 1096 1041 1156 τοῦ
1059 1094 1244 1177 κτείνεσθαι,
1268 1097 1310 1169 εἰς
1328 1098 1401 1159 θεῶν
1421 1118 1474 1159 τε·

377 1203 470 1291 μένη,
490 1207 514 1268 εἰ
530 1200 635 1279 ἐξελῶν
651 1197 840 1294 προύθίόως,
862 1201 916 1267 οὐκ
933 1209 984 1285 ἀν,
1003 1203 1077 1294 πρὸς
1093 1211 1135 1290 τῷ
1149 1205 1244 1279 κακός
1262 1200 1361 1269 θοκεῖυ
1378 1202 1471 1290 εἶναι,

377 1316 430 1380 καί
456 1317 511 1391 τὰς
538 1310 628 1389 θίκας
650 1322 703 1389 τῆς
727 1317 769 1388 εἰς
791 1312 860 1388 τοὺς
885 1312 976 1388 ναοὺς
999 1315 1158 1403 παροινίας
1182 1311 1336 1405 ἐξέφυγες·
1364 1317 1417 1385 τὴν
1440 1311 1474 1380 όέ

376 1423 463 1489 πόλιν
481 1423 609 1509 ταύτην,
633 1424 668 1495 ἣν
691 1419 729 1494 ciii
750 1425 850 1494 κοινὴν
871 1422 974 1487 ἐστίαν
993 1422 1123 1496 εἴπαντες
1142 1426 1281 1510 ἔχουσιν,
1308 1424 1474 1490 ἀποκλείων

376 1542 441 1610 τοῖς
467 1539 714 1625 καταφυγοῦσιν,
743 1537 864 1617 ἔπειτα,
891 1532 1009 1597 ἐκείνων
1035 1526 1264 1598 κινδυνευόντων
1272 1582 1282 1618 ,
1307 1541 1362 1598 οἰέι
1381 1530 1474 1621 μηθὲν

376 1647 458 1732 ἔχειν
488 1645 646 1736 ἔγκλημα,
674 1639 747 1732 μηθ’
776 1643 906 1717 ἐκείνους
933 1641 1162 1732 πεφονευκέναι,
1192 1643 1250 1707 κάν
1275 1645 1328 1713 τὴν
1354 1646 1474 1736 σφαγὴν

375 1754 587 1846 ηὐτοόργησαν
608 1752 720 1847 ἕτεροι;
744 1752 960 1844 Ηύτοόργησαν
983 1749 1076 1841 ἕτεροι
1096 1753 1149 1822 τὴν
1172 1757 1309 1845 σφαγήν,
1335 1754 1415 1820 ἀλλά
1437 1766 1473 1845 τῇ

376 1873 417 1954 σῇ
432 1862 526 1956 ὀρέξει
540 1867 591 1931 καί
607 1873 649 1952 τῷ
665 1865 808 1952 θελήματι
826 1861 1099 1953 καθυποόργησαν·
1121 1858 1185 1927 όθέ
1199 1859 1363 1952 προθιόοὺς
1378 1868 1472 1952 μείζω

375 1976 429 2046 τὴν
452 1978 554 2041 αἰτίαν
575 1979 639 2065 ἔχει
661 1980 714 2040 τοῦ
736 1978 918 2049 κτείναντος.
939 1974 998 2038 Καὶ
1017 1972 1099 2037 τοῦτ’
1118 1971 1181 2038 ἐστὶ
1201 1976 1310 2064 κυρίως
1328 1977 1432 2066 φόνος,
1457 1977 1472 2040 ό

374 2087 462 2177 παρά
484 2091 536 2151 τοῦ
559 2087 612 2157 τὴν
636 2087 737 2178 ἀρχὴν
760 2081 894 2160 ἐνόόντος
915 2109 946 2148 τε
970 2086 1022 2149 καί
1046 2082 1280 2175 προςτοίξαντος.
1303 2088 1361 2150 Καὶ
1385 2087 1400 2150 ό
1420 2084 1473 2174 μὲν

376 2195 553 2287 αὐτουργῶν
568 2197 618 2262 τόν
635 2197 721 2287 φόνου
738 2199 801 2284 ἔχει
1054 2191 1242 2281 μεταθεῖναι1
1259 2196 1332 2286 πρὸς
1350 2196 1399 2260 τόν
1417 2220 1471 2259 κε-

374 2307 518 2373 λεύοντα·
540 2299 624 2383 οὗτος
642 2303 675 2372 δὲ
698 2306 752 2372 οὐκ
770 2309 834 2395 ἔχει
859 2308 1003 2392 μεθιστᾷν
1020 2307 1063 2379 εἰς
1080 2302 1227 2396 ἕτεροντὸ
1245 2305 1468 2392 πλημμέλημα,

375 2421 401 2483 εἰ
419 2421 462 2505 μή
479 2443 514 2509 γε
530 2419 583 2489 τὴν
601 2417 745 2509 σφετέραν
762 2415 870 2481 ἑαυτοῦ
887 2417 999 2480 κακίαν
1016 2411 1046 2489 ἐξ
1063 2410 1100 2490 ἧς
1117 2417 1246 2490 κινηθεὶς
1265 2414 1394 2480 ἐκέλευε.

423 2531 483 2595 Καὶ
508 2533 533 2594 εἰ
554 2528 607 2617 μὲν
631 2528 733 2604 ἁπλῶς
756 2517 884 2593 πολιτῶν
908 2528 1064 2618 εἰργάζετο
1087 2521 1236 2603 κίυόυνου,
1258 2526 1276 2596 ἢ
1296 2528 1347 2590 καί
1372 2526 1472 2603 ἄλλως

375 2635 493 2731 ἀνδρῶν
511 2641 552 2728 μὴ
570 2640 774 2731 προςηκόντων
791 2640 875 2725 ἡμῖν,
897 2636 951 2701 οὐκ
968 2633 1048 2723 εἶχεν
1066 2632 1136 2699 οὐιλέ
1152 2635 1218 2700 τότε
1237 2637 1402 2727 ἀποφυγεῖν
1418 2638 1471 2708 τὴν

375 2754 476 2817 αἰτίαν
502 2752 543 2827 ὡς
566 2754 666 2826 ἀθῶος
690 2745 795 2826 δόξαι·
823 2744 939 2839 ἀνόρας
964 2743 997 2811 όέ
1017 2745 1169 2837 γνωστοίις
1189 2749 1241 2811 καί
1261 2749 1470 2839 στρατιώτας,

375 2863 427 2926 καί
454 2862 489 2927 τό
512 2864 603 2938 ἀνθος
630 2867 702 2925 είπω
729 2867 781 2935 τῆς
809 2859 922 2933 πόλεως
946 2852 1130 2948 προθιθοός,
1158 2850 1198 2922 ὧν
1222 2861 1246 2922 εἰ
1273 2860 1327 2928 τὴν
1351 2861 1471 2950 γνώμην

375 2974 487 3063 ἀρτίως
506 2973 594 3045 ἤθελέ
614 2998 659 3048 τις
682 2969 846 3054 ἐξετάζειν,
874 2967 953 3034 εἶπεν
973 2976 1010 3034 ἀν
1032 2994 1078 3045 τις
1101 2974 1199 3044 ζητεῖν
1223 2970 1314 3035 αὐτόν
1337 2972 1387 3035 τόν
1411 2979 1470 3035 τῶν

375 3082 455 3148 ἁλῶν
473 3083 685 3175 θρυλλοόμενου
702 3077 872 3169 με’θιμνονί,
894 3089 1010 3170 μετρεῖν
1027 3081 1077 3144 καὶ
1096 3081 1130 3144 τό
1148 3078 1220 3171 ὑπὲρ
1238 3080 1344 3172 μέτρον
1360 3077 1469 3164 βουλό-

374 3297 402 3346 p.
423 3281 534 3346 76=p.
559 3283 590 3330 30
611 3279 733 3330 Fromm.:
751 3283 859 3329 καλεῖται
881 3279 907 3328 δὲ
934 3281 1056 3342 μιλίσσης;
1074 3279 1125 3327 ἀλλ’
1143 3277 1195 3327 οὐδὲ
1213 3277 1272 3334 α’ντὴ
1296 3278 1401 3346 φείδεται
1423 3287 1469 3327 τῶν

375 3363 427 3429 lep&
444 3365 460 3417 ἡ
480 3366 567 3424 μείζων
588 3368 668 3408 πασῶν
688 3357 763 3423 (quod
781 3373 860 3407 meam
881 3357 906 3405 in
935 3361 1064 3422 τρυγόντων
1081 3355 1145 3416 (imo
1161 3353 1307 3422 τρυγώντων)
1330 3373 1354 3404 ν.
1369 3362 1419 3404 Καί
1432 3377 1468 3412 τις

373 3434 905 3499 11ολ10ἰί18111ἰουυὶευίλθοῖίοωεωοουῆιιιιειῑ),
935 3434 1006 3483 αὐτοῦ
1018 3433 1047 3497 (f.
1066 3431 1140 3499 αὐτῷ)
1153 3443 1198 3482 τῶν
1217 3435 1391 3500 θεραπεύοντων
1407 3433 1468 3482 ὑπο-

373 3518 425 3580 μεθ’
447 3517 473 3572 ἣν
492 3514 602 3580 οὔδεμιᾶς
622 3516 673 3565 ἐστὶ
693 3521 811 3580 σωτηρίας
831 3515 905 3570 ἰλπίς.
934 3517 1022 3581 φθάσας
1035 3518 1111 3579 φησίν·
1127 3508 1177 3559 οὨ
1187 3516 1297 3576 κράτιστε
1309 3513 1415 3579 βασιλεῦ,
1428 3516 1467 3559 καί

372 3594 436 3644 Vide
452 3592 549 3643 Schott.
562 3593 593 3643 ad
603 3593 684 3643 Suidte
697 3591 789 3657 Adagia
802 3592 846 3651 ii,
859 3593 904 3652 50;
934 3596 1004 3640 τοῦτο
1017 3594 1107 3638 σκόπει·
1124 3587 1178 3637 οὐδὲ
1195 3595 1242 3655 γὰρ
1258 3588 1318 3644 αὗτή
1336 3596 1363 3638 τὸ
1378 3594 1468 3656 κέντρον

372 3687 470 3724 necnon
492 3671 619 3722 Erasmum
647 3670 712 3720 Chii.
736 3674 766 3731 l,
797 3673 829 3729 l,
853 3673 905 3732 24,
934 3670 1116 3735 ἰστίνάσφαλίς’
1136 3669 1218 3723 ἐπειδὴ
1231 3675 1297 3717 παίει
1313 3673 1365 3732 μέν,
1382 3668 1468 3719 αὐτίκα

372 3749 468 3814 Adagio
487 3768 499 3795 ι
516 3765 612 3799 sacram
633 3764 746 3798 ancoram
766 3748 860 3797 solvere
877 3767 905 3811 ι,
935 3749 960 3796 δὲ
971 3757 1005 3813 τῷ
1022 3752 1108 3814 κέντρῳ
1125 3749 1286 3796 ουνόιόλλνται
1301 3765 1325 3795 ν.
1341 3745 1470 3811 Corrigen-

373 3828 430 3878 coil.
446 3827 565 3893 Stephani
582 3826 716 3876 Thesauro.
730 3825 820 3876 Rectus
834 3841 905 3876 casus
933 3824 990 3874 dum
1006 3825 1079 3889 αὐτῇ,
1098 3840 1127 3874 ac
1145 3827 1249 3876 fortasse
1266 3831 1403 3884 ἠπιώτατα.
1422 3825 1468 3873 Lo-

373 3906 479 3957 abiatiro
509 3906 653 3956 substitutus
681 3906 774 3954 sanavit
803 3903 904 3954 Luciani
932 3917 987 3952 oum
1016 3903 1089 3969 paulo
1114 3903 1274 3968 prolixiorem
1297 3904 1411 3967 allegavi,
1436 3902 1467 3951 ob

372 3984 535 4043 scholiastem
555 3983 633 4050 parile
647 3982 782 4032 remedium
796 3982 907 4048 proderit
935 3981 989 4031 iibri
998 3983 1133 4031 raritatem.

372 4063 518 4113 Nazianzeni
530 4062 667 4113 scholiastae
677 4062 703 4111 in
713 4061 828 4125 Caiaiogo
838 4061 907 4111 Clar·
968 4059 976 4085 ⁴
988 4061 1016 4109 ln
1030 4060 1115 4110 codice
1128 4060 1216 4109 lacuna
1225 4069 1263 4108 εει
1272 4075 1326 4124 quae
1335 4073 1410 4106 unum
1424 4071 1465 4105 oa·

372 4137 457 4197 kiano,
466 4153 493 4202 p.
505 4139 537 4186 '39
544 4157 550 4185 ι
557 4142 718 4194 Κωνστόιντιος
728 4137 753 4185 δὲ
762 4141 773 4187 ὁ
783 4143 907 4186 xorem·
934 4139 985 4202 piat
995 4137 1032 4187 vei
1043 4138 1090 4186 duo
1097 4137 1224 4186 vocabula.
1237 4137 1348 4185 Fortasse
1354 4135 1402 4198 ἔχει
1409 4137 1469 4185 ἀπο-

372 4224 437 4268 τίνου
448 4222 491 4267 τοῦ
510 4221 613 4281 μεγάλου
626 4221 674 4274 υἱὸς
691 4221 752 4266 πάνυ
771 4220 906 4283 πραότατος
934 4221 1084 4280 λογησόριενος
1092 4221 1189 4279 μεταθ,
1199 4216 1238 4265 vel
1248 4217 1297 4281 ἔχει
1314 4225 1356 4271 τὴν
1369 4219 1465 4282 πρᾶξιν,

372 4298 402 4345 ὢν
413 4294 459 4345 ὑπό
471 4315 534 4352 τινος
544 4305 591 4345 τῶν
601 4295 661 4360 ἄγαν
672 4295 711 4345 ὑπ’
726 4294 799 4343 α’ντοῦ
809 4314 905 4358 τιτιμη·
933 4295 982 4358 ἔχει
994 4302 1020 4343 τὸ
1030 4296 1101 4357 μῦσος
1113 4299 1198 4357 μετκθ.

371 4380 446 4438 μόνων
456 4376 639 4438 ἀγνωμονηθείς,
651 4380 690 4423 καῖ
700 4378 773 4441 φόρων
783 4376 904 4432 ἠπιότητι,
967 4370 977 4396 ²
990 4370 1058 4421 Nude
1070 4381 1219 4421 memoratur
1230 4371 1253 4420 in
1270 4371 1406 4421 Proverbiis
1417 4371 1466 4420 Me-

373 4458 480 4504 τοιοῦτον
493 4451 545 4503 εἷπε
559 4455 633 4516 λόγον’
656 4460 709 4503 ιΤί
723 4457 851 4520 πραότερον
864 4463 906 4510 τῆς
935 4450 1014 4511 tricis,
1031 4454 1092 4501 ἁλῶν
1105 4453 1224 4516 μέδιμνος.
1242 4450 1321 4501 Locus
1336 4461 1373 4501 est
1385 4450 1466 4501 classi-
