3684 5659
769 646 926 711 ΜΕΛΕΤΗ
950 637 993 709 Δί.
1379 642 1419 712 81

331 791 391 850 τῶν
415 782 496 870 ἐμῶν
512 782 627 865 πόνων,
647 782 695 845 ναί
713 782 786 872 πρὸς
802 790 860 846 τῶν
880 764 1004 872 ἀγώνων
1017 773 1057 845 ὧν
1076 783 1217 871 γενναίως
1234 782 1424 874 ἠγώνισμαι,

333 895 408 988 πρὸς
421 893 521 969 αὐτῆς
538 901 592 968 τῆς
608 893 707 956 θεόθεν
725 893 810 968 νίκης
825 887 861 967 ἧς
875 891 1058 957 ἀπολαύετε·
1078 896 1103 956 εί
1119 890 1172 981 μὲν
1186 901 1245 957 τῶν
1261 894 1358 985 λόγων
1374 902 1426 961 τοῦ

332 1005 507 1096 κατηγόρου
538 1001 726 1093 κατέγνωτε,
760 1002 934 1093 ψηφίσασθε
964 1007 1070 1088 τοῦτο,
1103 1004 1155 1068 καὶ
1185 1009 1238 1068 τοῖν
1267 1004 1361 1095 γέρως
1391 1005 1426 1071 οὐ

331 1123 474 1206 φροντιῶ.
502 1114 597 1178 Μόνον
625 1114 722 1178 κοινὸν
747 1113 877 1203 γενέσθω
906 1121 943 1201 τῇ
968 1114 1051 1177 πόλει
1072 1116 1233 1204 κήρυγμα,
1258 1115 1299 1190 ὡς
1324 1115 1338 1179 ὁ
1363 1126 1427 1192 τοῖς

332 1228 465 1317 ἀγαθοῖς
479 1221 637 1316 ἐνεδρεύων
651 1223 769 1313 φθόνος,
784 1222 858 1314 ῥέων
874 1224 956 1287 κατά
969 1232 1028 1287 τῶν
1041 1224 1139 1289 ἀλλων
1152 1226 1321 1308 ἀκάθεκτα,
1334 1224 1425 1316 εὑρὼν

331 1333 414 1424 ὑμεῖς
435 1333 506 1411 τοὺς
531 1336 706 1424 κρίνοντας,
731 1336 820 1417 ἔστη,
845 1333 897 1398 καί
918 1336 1060 1424 στραφεὶς
1084 1327 1170 1410 αὖθις
1192 1337 1276 1405 τήκει
1297 1337 1350 1406 τήν
1372 1341 1425 1401 τοῦ

332 1448 509 1538 φθονοῦντος
526 1432 641 1533 ψυχήν.
661 1446 698 1508 Et
714 1438 747 1508 δὲ
771 1441 915 1527 βούλεσθε
939 1440 1026 1515 δίκην
1053 1444 1213 1510 ἐπιτιθέναι
1235 1449 1318 1529 τινσί,
1347 1450 1425 1512 ἔστω

332 1559 465 1632 θάνατος
479 1551 574 1627 αὕτη·
591 1549 688 1629 ήθέως
701 1548 827 1640 δέξομαι
840 1559 962 1639 τοῦτον,
978 1554 997 1625 ή
1012 1550 1171 1642 θεξαίμην’
1184 1556 1221 1619 ἀν
1234 1559 1292 1631 ζῶν
1306 1553 1425 1640 βλέπειν

332 1661 506 1742 ἀθοξοῦσαν
527 1665 613 1731 πόλιν
635 1665 720 1756 παρὰ
742 1672 806 1738 τοῖς
827 1665 866 1727 τά
889 1664 1019 1756 η’μέτερα
1040 1661 1254 1730 θιαθοίλλουσι.
1276 1668 1425 1755 Κείσομαι

332 1775 411 1862 μετὰ
432 1774 611 1867 Περικλέους
629 1778 683 1839 τοῦ
699 1776 796 1858 πάνυ,
819 1775 961 1861 κείσομαι
978 1775 1055 1861 μετὰ
1072 1777 1224 1862 Κίμωνος·
1245 1779 1425 1848 συοκηνήσω

332 1883 545 1972 Θεμιστοκλεῖ.
564 1864 683 1949 Ιλκεῖνοι
700 1883 791 1971 μέσον
809 1908 846 1970 με
863 1892 944 1974 σφῶν
962 1883 1126 1971 λήψονται,
1147 1884 1176 1948 ἐν
1194 1862 1276 1970 Aaou
1293 1889 1427 1974 καθήμε-

331 2011 395 2059 νοι·
417 1993 524 2060 ἐκεῖνοι
542 1993 700 2087 ἐρήσονται
716 1996 756 2058 τά
771 1995 926 2085 παρόντα,
946 1992 1052 2059 ἐκεῖνοι
1069 2000 1218 2086 κρινοῦσιν
1235 1996 1300 2084 ἐμέ.

381 2106 442 2169 Καί
468 2101 618 2192 βούλομαι
640 2103 693 2192 μέν
710 2105 761 2169 καί
782 2106 912 2192 εὔχομαι
931 2105 973 2192 μή
989 2107 1046 2169 κάν
1061 2114 1104 2192 τῷ
1121 2081 1187 2195 Ᾰθρ
1205 2102 1425 2179 θιαθεθλὴσθοιι

332 2213 416 2303 ὑμῶν
432 2216 485 2287 τήν
501 2211 623 2307 πρᾶξιν,
641 2214 708 2280 ἀλλ’
727 2213 778 2302 ἐμὲ
795 2217 884 2279 κάκεῖ
901 2218 1151 2309 κατακρίνεσθαι.
1168 2219 1205 2281 Εἰ
1222 2213 1254 2282 θ’
1272 2211 1336 2302 οὖν,
1356 2218 1424 2284 ἀλλ’

331 2324 402 2415 ὑμῖν
428 2350 465 2418 γε
493 2329 612 2403 ποίντως
637 2326 759 2414 μελήσει
784 2334 847 2401 πῶς
875 2327 912 2390 ἀν
942 2325 1056 2417 γένοιτο
1079 2328 1131 2397 τὴν
1157 2330 1314 2392 κάνταῦθα
1336 2331 1427 2394 κάκεῖ

332 2432 461 2513 ἀδοξίαν
480 2460 513 2501 τε
532 2438 585 2501 καὶ
610 2436 757 2525 αἰσχύνην
775 2436 844 2526 ὑμῖν
863 2437 1104 2528 ἀποτρίψασθαι.
1128 2418 1204 2523 Ιλμοὶ
1228 2439 1288 2529 γάρ
1307 2440 1424 2504 θανόντι

332 2541 421 2620 ἧττον
437 2547 520 2635 μέλει
541 2552 594 2612 τοῦ
609 2555 674 2623 πῶς
690 2548 728 2611 ἂν
745 2549 798 2619 τήν
815 2548 893 2624 ἐςαεὶ
917 2544 1010 2623 δόξαν
1028 2550 1127 2635 ἔχοιτε
1147 2546 1421 2639 πολυπραγμονεῖν,

332 2660 466 2741 καὶπῶς
483 2657 529 2724 ἐπὶ
549 2666 613 2734 τοῖς
630 2657 734 2735 ἀλλοις
752 2660 786 2724 τό
807 2658 913 2724 πιστὸν
930 2659 1053 2747 σχοίητε
1071 2657 1225 2748 λέγοντες,
1244 2659 1301 2723 κάν
1319 2657 1424 2748 ἐπιστῇ

331 2771 385 2835 καὶ
411 2769 503 2836 πάλιν
526 2769 651 2860 ἀγώνων
677 2771 801 2862 καιρός,
824 2771 876 2835 καὶ
902 2767 1091 2860 στρατηγοὺς
1111 2769 1301 2860 χειροτονήτέ
1320 2794 1421 2855 τινας,

331 2883 408 2958 τίνες
425 2881 463 2946 ἂν
477 2877 651 2973 προςέξουσι
667 2883 720 2946 καὶ
738 2877 980 2953 πεισθήσονται’.

364 3103 486 3170 ‘Ellipsis
499 3102 527 3154 fit
539 3101 648 3154 adverbii
658 3107 755 3168 μᾶλλον.
891 3110 1066 3161 πεισθήσονται.
1080 3103 1141 3154 Cum
1152 3103 1233 3153 futuro
1244 3103 1272 3153 σίν
1281 3117 1331 3151 non
1344 3117 1425 3167 repu-

362 3182 491 3245 'Codex,
514 3186 695 3240 πεισθήσονται.
721 3179 865 3231 Ροκοοιίεοε
891 3181 1019 3233 diandum.
1034 3181 1095 3232 Vide
1111 3200 1137 3248 p.
1154 3186 1196 3242 68,
1214 3198 1239 3233 n.
1255 3188 1279 3243 1,
1293 3193 1319 3232 et
1330 3183 1423 3232 monita

331 3261 437 3315 futurum
448 3264 584 3331 προσίξσνσι
597 3258 703 3312 ἀντείνει
714 3258 745 3310 ad
758 3259 865 3310 futurum
891 3260 923 3311 ad
934 3260 1061 3312 Anecdota
1074 3259 1117 3312 Gr.
1128 3272 1148 3312 t.
1158 3261 1208 3323 111,
1222 3276 1264 3327 pp.
1282 3263 1338 3321 115,
1349 3261 1406 3311 477.
