3684 5659
448 611 518 682 450
785 620 820 678 F.
848 618 923 678 ΤΟΥ
949 614 1203 677 ΠΑΧΥΜΕΡΟΥΣ

446 753 564 842 τερίας,
584 754 636 818 καί
654 754 771 832 πάσης,
794 753 834 828 ὡς
851 754 956 835 εἰπεῖν,
975 744 1177 825 παιδεύσεως.
1198 739 1294 825 Οῦτος
1307 743 1338 814 θ’
1353 749 1384 826 ἐς
1396 756 1538 819 τοσοῦτον

448 866 591 940 ἀπονοίας
618 865 637 936 ή
660 864 866 956 κακουργίας,
894 861 913 932 ἰν
936 861 1062 952 φθόνου,
1082 867 1163 932 ή-
1178 859 1233 926 οῦκ
1254 856 1315 927 οἶδ’
1339 861 1357 928 ό
1378 887 1407 927 τι
1432 871 1541 954 φῶ-

447 975 656 1065 προελήλνθεν,
673 976 746 1053 ὥςτε
758 979 809 1039 νῦν
826 973 891 1061 ε’μοί
906 973 947 1048 ὡς
961 971 1099 1062 ἔγκλημα
1110 973 1256 1063 προτείνει
1271 971 1324 1043 τήν
1340 972 1537 1065 ἀποκήρυξιν,

448 1086 499 1149 καί
526 1086 585 1152 ὅσα
607 1091 727 1179 φθάσας
750 1084 818 1152 κατ’
844 1084 976 1172 ἐμαυτοῦ
1001 1081 1202 1172 ὡμολόγησα,
1230 1078 1272 1147 δι’
1291 1083 1314 1148 ἀ
1336 1085 1395 1151 καί.
1412 1080 1541 1164 δικαίως

448 1197 697 1291 ἀποκεκήρνγμαι
719 1199 804 1288 παρὰ
826 1200 881 1260 τοῦ
900 1193 1032 1286 πατρός,
1058 1197 1157 1258 ταῦτα
1180 1193 1338 1286 προφέρει,
1358 1196 1400 1272 ὡς
1417 1199 1541 1274 ἀπειθὴς

448 1308 506 1399 ἐγὼ
522 1308 635 1400 λέγων,
662 1309 703 1385 ὡς
726 1305 854 1391 ἐξώλης,
882 1306 922 1381 ὡς
944 1303 1038 1380 λύπης
1057 1311 1153 1379 αἴτιος
1168 1311 1212 1391 τῷ
1230 1308 1425 1396 γεννήσαντι,
1445 1307 1487 1385 ὥς
1502 1309 1540 1373 τὰ

448 1421 501 1484 καί
518 1416 586 1504 τοῖ’,
607 1415 649 1484 δι’
666 1419 688 1483 οἳ
707 1421 759 1484 καί
777 1413 903 1494 ἀπαξιοῖ
919 1439 955 1504 με
970 1422 1029 1480 τῶν
1046 1415 1182 1481 ὁπωσοῦν
1198 1425 1365 1509 πατρικῶν.

495 1511 584 1615 Ᾰλλ’,
607 1525 632 1596 ὦ
656 1525 812 1615 βέλτιστε,
835 1531 861 1593 εἰ
884 1528 1010 1603 ἀπειθὴς
1030 1525 1089 1619 ε’γὼ
1110 1535 1152 1614 τῷ
1171 1530 1263 1619 πατρὶ
1282 1530 1333 1593 καί
1358 1531 1538 1621 ἀνάγωγος,

448 1635 571 1706 θὲθωκα
583 1643 639 1716 τὰς
653 1636 744 1716 θίκας
757 1636 876 1716 ἀξίας’·
893 1635 973 1715 ξένος
984 1637 1126 1729 ἐγενόμην
1139 1646 1192 1714 τῖς
1202 1641 1301 1715 οἰκίας
1313 1647 1367 1716 τῆς
1376 1648 1537 1732 πατρικῆς,

448 1747 528 1828 Ιξένος
552 1756 605 1816 τοῦ
628 1751 758 1843 κλ’ρον,
783 1750 909 1838 μισητὸς
930 1758 993 1824 τοῖς
1014 1751 1152 1833 οἰκείοις,
1176 1755 1291 1837 ἄτιμος
1299 1761 1363 1828 τοῖς
1380 1749 1539 1837 πολίταις,

448 1861 636 1954 ἀνελεύθερος
651 1871 715 1938 τοῖς
730 1861 924 1946 ἡλικιώταις,
944 1860 1051 1945 πένης,
1072 1865 1205 1952 ἄπορος,
1225 1861 1354 1947 ἀλήτης,
1375 1861 1448 1928 καθ’
1464 1861 1540 1928 ἑαν-

448 1974 498 2038 τόν
512 1977 571 2049 ζῶν
587 1976 640 2038 καί
658 1974 808 2064 φροντίσιν
826 1970 881 2037 οῦκ
898 1969 1043 2060 ἐχούσαις
1060 1970 1200 2059 μηχανήν
1217 1973 1422 2064 μεριζόμενος.
1441 1946 1469 2039 fi
1485 1973 1542 2063 οὐχ

449 2084 540 2149 ἱκανά
561 2088 660 2149 ταῦτα
682 2092 725 2170 τῷ
746 2082 879 2174 προτέρῳ
904 2106 961 2170 μου
982 2079 1041 2170 βίῳ
1062 2083 1103 2146 τὰ
1123 2081 1278 2171 ε’πιτίμια;
1296 2084 1354 2148 Διά
1369 2088 1471 2150 ταῦτα
1488 2086 1540 2150 καί

449 2190 640 2283 ἀπεδήμουν·
659 2190 713 2259 θιά
723 2200 821 2259 ταῦτα
833 2195 885 2260 καί
897 2203 937 2285 γῇ
948 2195 1000 2259 καί
1017 2193 1158 2283 θαλάσση
1169 2203 1341 2286 προςεῖχον,
1353 2195 1396 2284 ὡς
1408 2195 1447 2260 ἀν
1459 2197 1556 2286 ἀγω-
1572 2201 1575 2208 ’

449 2307 607 2394 νισοίμενος
619 2307 673 2378 τήν
689 2306 838 2398 πατρικήν
855 2303 1094 2392 ἀνακαλέσωμαι
1109 2305 1238 2403 εὔνοιαν,
1256 2305 1296 2380 ὡς
1309 2305 1346 2370 ἂν
1360 2301 1541 2382 σπονθάσας

446 2415 623 2489 πλοντήσω·
643 2419 701 2485 κᾶν
717 2426 760 2505 τῷ
783 2419 874 2510 πατρί
893 2415 1122 2507 παρακατέχειν
1146 2418 1190 2481 ἔτι
1208 2411 1296 2481 δοκεῖ
1311 2415 1366 2486 τὴν
1383 2416 1474 2507 ὀργήν
1483 2416 1541 2488 ’τήν

447 2525 519 2614 ἐμήν
535 2530 709 2622 προαίρεσιν
727 2525 940 2617 θοκιμάζοντι,
960 2525 1027 2604 ἐξῆν
1043 2553 1095 2614 μοι
1112 2531 1165 2617 ζῇν
1182 2527 1290 2593 ἐκτῶν
1307 2525 1462 2614 ἐμαυτοῦ,
1484 2553 1542 2615 μη-

447 2634 497 2702 θὲν
514 2641 556 2714 εἰς
572 2635 657 2716 ξένας
674 2649 780 2731 χεῖρας
798 2638 842 2730 ἐφ’
860 2632 906 2714 οἷς
924 2639 1057 2724 ζήσομαι
1074 2634 1228 2722 βλέποντι.
1249 2628 1346 2714 Οῦτος
1362 2637 1379 2702 ό
1395 2636 1541 2731 λογισμός

447 2751 499 2814 καί
516 2759 553 2838 τῇ
571 2750 711 2840 θαλάσση
729 2754 838 2842 ῥιπτεῖ.
857 2751 916 2814 Καὶ
932 2753 1005 2814 ναῦν
1022 2746 1114 2840 εὑρὼν
1131 2747 1294 2815 ἐπιῦαίνω·
1316 2749 1369 2814 καί
1388 2747 1474 2826 ὅσοις
1489 2745 1540 2837 μὲν

446 2866 562 2950 πρῶτον
580 2859 725 2951 ἐνέκυρσα
742 2870 805 2935 τοῖς
821 2855 930 2934 θεινοῖς
949 2861 994 2934 τίς
1012 2859 1049 2922 ἀν
1068 2855 1194 2934 ἐξίκοιτο
1211 2857 1317 2949 λόγος;

496 2972 543 3041 Μή
560 2973 619 3062 γὰρ
639 2971 683 3037 ότι
706 2971 858 3059 ἐπιμείνας
878 2971 1100 3061 περιεγενόμην,
1120 2972 1277 3035 τοῦτοκαὶ
1296 2971 1385 3058 μόνον
1401 2968 1537 3061 λογίζου.

462 3062 468 3082 ‚

448 3081 520 3146 Αλλ’
536 3081 634 3147 ἐννοοῦ
647 3085 699 3148 καί
713 3083 753 3146 τὰ
766 3081 915 3173 πρότερα,
933 3081 985 3145 καί
1000 3082 1142 3147 ἀντιτίθει
1156 3090 1220 3158 τοῖς
1237 3080 1373 3168 σνμόοῖσι
1388 3079 1536 3157 τὸτέλος·

448 3194 500 3257 καί
517 3190 610 3269 ούτως
625 3192 696 3280 ἐμοῦ
714 3188 752 3264 θή
767 3193 818 3257 καί
833 3193 937 3279 μόνου,
956 3192 996 3266 ὡς
1009 3194 1062 3257 καί
1077 3193 1168 3279 μόνον
1181 3188 1375 3280 παμπληθὲς8
1391 3192 1541 3265 ἀθλήσαν·

448 3328 515 3388 τος,
539 3313 648 3396 κρινεῖς
670 3305 710 3380 ὡς
730 3303 822 3395 γέρας
843 3305 896 3374 τήν
912 3308 998 3368 ναῦν.
1018 3303 1129 3369 Πολλοί
1143 3328 1220 3381 τινες
1236 3304 1396 3397 τρέχουσιν
1413 3303 1443 3369 ἐν
1460 3328 1539 3370 στα-

449 3411 525 3504 θίῳ,
548 3414 615 3481 ἀλλ’
637 3415 679 3481 ἑνί
701 3439 757 3480 τινι
777 3416 811 3481 τὸ
831 3412 975 3507 βραθεῖον
994 3415 1255 3507 ἀποκεκλήρωται.
1281 3417 1340 3481 Καὶ
1368 3416 1383 3480 ό
1404 3415 1540 3491 τὸτέλος

448 3527 536 3612 μόνον
556 3535 676 3593 σκοπῶν
697 3527 792 3618 τύχης
811 3529 959 3617 ἀποφανεῖ
978 3527 1012 3591 τὸ
1035 3525 1128 3619 γέρας
1150 3524 1290 3620 ἕρμαιον,
1315 3527 1330 3591 ό
1354 3522 1390 3591 δὲ
1409 3527 1468 3619 πρὸ
1489 3531 1539 3592 τοῦ

448 3636 550 3713 τέλους
573 3633 803 3726 διανοούμενος,
827 3638 938 3713 ἐκεῖνος
963 3633 1027 3702 οἰθε
1048 3639 1101 3702 καί
1128 3638 1216 3703 πόνον
1239 3633 1340 3704 ποθῶν
1367 3641 1421 3703 καί
1447 3636 1541 3728 βάρος

449 3742 547 3831 ἰξύας,
574 3750 626 3813 καὶ
655 3759 793 3838 συνεχεῖς
820 3744 952 3840 ἱδρῶτας
962 3792 986 3832 ,.
996 3749 1049 3812 καί
1077 3749 1218 3836 σώματος
1241 3747 1310 3817 ὅλου
1334 3751 1461 3831 τάσεις,
1487 3750 1538 3814 καί

449 3859 599 3948 ἀγωνίας,
628 3863 669 3947 μή
692 3885 756 3936 πως
782 3859 800 3930 n
829 3859 956 3924 ὀλισθὼν
979 3861 1228 3952 παραθραυσθείη
1254 3862 1306 3926 καί
1336 3862 1542 3948 σνμπατηθείς

432 3968 565 4053 -όλοιτο,
593 3969 612 4042 ή
635 3970 733 4036 πολλὰ
754 3971 859 4058 καμὼν
885 3969 970 4046 τέλος
994 3969 1142 4059 αἰσχύνην
1167 3973 1343 4036 ἀποίσαιτο.
1369 3970 1464 4036 Ταῦθ’
1486 3969 1542 4064 όρα

448 4082 500 4146 καί
520 4081 567 4148 ἐπ’
589 4083 668 4172 ἐμοί.
691 4085 750 4154 Τήν
768 4087 839 4149 ναῦν
858 4082 949 4176 όρᾷς;
974 4083 1053 4148 ἀλλά
1077 4082 1203 4175 πρόςεχε
1222 4084 1357 4158 καὶτοῖς
1377 4084 1479 4158 πόνοις
1497 4075 1541 4158 οἷς

450 4192 623 4281 ἐκτησάμην
640 4194 752 4267 ταύτην
767 4197 817 4260 τόν
834 4199 914 4260 νοῦν.

484 4376 491 4400 ¹
504 4383 540 4425 Τὰ
554 4383 593 4424 καί
606 4377 647 4440 τοί]
663 4378 699 4427 sic
710 4386 736 4429 τὸ
751 4386 826 4430 καὶτὸ
843 4389 888 4430 τῶν
906 4390 981 4429 κακῶν
1042 4376 1051 4402 ¹
1066 4378 1118 4428 Non
1127 4377 1199 4429 debui
1211 4388 1305 4429 mutare
1315 4382 1383 4439 ἀξίοις
1393 4395 1418 4445 p.
1432 4379 1472 4441 14,
1483 4395 1507 4428 n.
1516 4380 1539 4427 2.

452 4453 487 4502 bis
498 4471 523 4518 p.
540 4456 600 4515 103;
616 4469 711 4505 necnon
725 4457 794 4507 infra.
1043 4456 1053 4482 ³
1064 4457 1213 4524 Παμπληθίς]
1229 4459 1283 4509 vide
1294 4474 1320 4524 p.
1332 4459 1361 4506 8⁴
1371 4496 1377 4521 ,
1389 4476 1415 4509 n.
1429 4461 1453 4509 2.
