3684 5659
377 597 448 670 152
711 603 746 661 Γ.
774 600 847 661 ΤΟΥ
873 597 1127 661 ΠΑΧΥΜΕΡΟΥΣ

374 763 449 818 νειν;
475 739 509 802 τὸ
535 738 603 829 γάρ
617 732 713 804 δεινὸν
732 733 865 800 ἐπέκειτο
886 734 986 799 πλεῖον
1007 735 1059 798 καί
1077 731 1153 798 πολὺ
1170 727 1206 804 ήν
1222 733 1257 797 τὸ
1277 733 1355 819 μετά
1372 738 1467 798 ταῦτα

374 851 535 941 ναυάγιον·
549 882 598 894 --
611 846 768 937 λογισμοῖς
782 848 873 931 τισίν,
891 845 932 920 ὡς
949 841 1087 928 ἐδόκουν,
1105 842 1159 909 οὐκ
1173 842 1328 934 ἀγεννέσιν
1340 843 1467 932 ἐμαυτόν

374 955 563 1051 σνγκροτώῑ,
590 959 641 1022 καί
668 957 741 1049 πρός
766 957 800 1022 τὸ
827 952 922 1021 δεινόν
948 955 1131 1047 παραλόγως
1157 948 1359 1045 ἀνδρίζομαι,
1389 955 1467 1031 ὡςή

376 1073 475 1146 ζήσων
498 1069 616 1153 καλῶς,
645 1075 725 1159 εἴπερ
749 1069 801 1133 καί
825 1065 1046 1159 περιγένωμαι,
1073 1064 1092 1136 ή
1115 1064 1218 1142 καλῶς
1239 1062 1464 1154 τεθνηξόμενος,

375 1183 427 1246 καί
448 1177 526 1245 ούτω
544 1181 690 1254 κάκείνως
705 1178 740 1242 τό
757 1185 812 1252 τῆς
832 1172 1041 1269 ἀποκηρύξεως
1057 1171 1170 1264 αἶσχος
1187 1174 1464 1266 ἀποκρνψόμενος’.
1524 1248 1526 1255 ,

375 1295 434 1358 Καὶ
450 1293 483 1357 τό
500 1291 630 1357 ἐντεῦθεν
641 1290 687 1365 τίς
706 1289 742 1354 ἀν
759 1285 881 1364 ἐξειπεῖν
895 1287 1018 1376 ίσχύσοι
1033 1289 1074 1351 τὰ
1089 1285 1159 1352 κατ’
1174 1286 1288 1358 ἐκείνην
1300 1287 1354 1357 τήν
1367 1295 1467 1354 πᾶσαν

375 1402 469 1467 νύκτα
486 1397 589 1478 δεινάς
607 1409 694 1475 ποῖος
710 1397 745 1463 ού
762 1398 977 1490 συνεκρότησεν
994 1403 1103 1484 ἀνεμος
1115 1398 1171 1472 τὰς
1183 1396 1278 1472 πνοάς
1291 1395 1362 1461 κατ’
1375 1394 1465 1484 ἐμούς

375 1522 460 1579 ποῖον
485 1517 569 1598 κῦμα
592 1509 627 1575 οὐ
651 1509 724 1600 πρὸς
748 1507 861 1573 σκοπόν
883 1508 936 1572 καί
961 1507 1049 1594 μόνον
1069 1505 1121 1595 ἐμὲ
1139 1507 1341 1598 προςπίπτον,
1367 1507 1408 1583 ὡς
1427 1510 1468 1583 εἰς

375 1623 486 1715 πέτραν
497 1620 671 1715 προθλήτα,
688 1622 731 1695 εἰς
744 1625 840 1717 ἀχνην
852 1616 959 1688 λεπτήν
971 1613 1121 1696 διελύετο;
1139 1621 1202 1682 ἔστι
1217 1612 1247 1681 δ’
1263 1608 1297 1682 οἷν
1312 1619 1365 1682 καί
1382 1627 1468 1685 νικῶν

376 1734 446 1822 ἐμέ,
470 1734 523 1798 καί
546 1731 739 1798 καταόάλλον
761 1730 808 1796 ἐπὶ
830 1738 889 1794 τῶν
902 1732 1179 1821 καταστρωμάτων
1195 1726 1363 1807 πολλάκις,
1381 1730 1401 1801 ἢ
1417 1733 1466 1797 κοιί

375 1846 449 1936 πρὸς
466 1843 625 1909 θάλασσαν
641 1845 819 1932 καθαιροῡν,
836 1838 915 1927 κάμέ
929 1848 983 1915 τής
997 1841 1067 1916 νηός
1081 1842 1238 1924 ἀποσπῶν,
1259 1840 1299 1916 ὡς
1317 1840 1468 1932 ἀμρισθη·

375 1961 444 2019 τοῖιν
458 1959 615 2045 ἀντικρνς;
632 1932 826 2022 θθαπτίσθην
841 1948 988 2025 πολλάκις
1002 1945 1206 2035 καταδνθείς,
1224 1948 1292 2015 ἀλλ’
1307 1946 1374 2015 οὐδ’
1389 1949 1469 2028 οίπαξ

376 2073 418 2152 τῷ
436 2063 547 2151 κύματι
564 2071 616 2138 τής
634 2062 703 2137 νηὸς
719 2063 941 2154 παρεχώρησα.
961 2062 1056 2126 Ηλθον
1074 2059 1165 2152 ἐγγὺς
1178 2066 1232 2125 τοῦ
1244 2071 1386 2154 πνιγῆναι
1399 2063 1469 2129 πολ-

376 2174 480 2258 λάκις,
502 2170 570 2237 ἀλλ’
588 2170 622 2236 ἐκ
639 2170 745 2263 μέρους
762 2171 942 2258 ἀντειχόμην
958 2173 1011 2235 καί
1030 2178 1084 2246 τής
1100 2170 1183 2246 νηός.
1204 2170 1356 2255 Πολλάκις
1373 2171 1470 2238 ἐθυθι-

378 2287 484 2373 ζόμην,
502 2282 568 2349 ἀλλ’
586 2282 601 2347 ὁ
618 2277 856 2366 νούςὲκεῖσ’ήν,
872 2283 1038 2348 καὶταῦτα
1050 2281 1155 2348 παθὼν
1172 2277 1397 2375 διεκαρτέρουν,
1416 2281 1469 2358 ἕως

377 2389 410 2463 οὗ
428 2395 514 2488 λωφᾷ
532 2396 566 2460 τό
584 2389 680 2459 δεινόν
696 2393 809 2472 ἐκεῖνο,
827 2394 880 2457 καὶ
902 2401 975 2457 νικῶ
996 2393 1082 2481 μόλις
1099 2394 1151 2458 τόν
1166 2399 1272 2485 ἄγριον
1289 2393 1401 2461 ἐκεῖνον
1417 2398 1467 2461 καί

377 2508 583 2574 ἀνυπόστατον
599 2501 756 2571 κλύδωνα·
776 2511 850 2569 νικῶ
865 2499 896 2568 δ’
911 2503 1046 2593 ἀντέχων
1062 2502 1231 2595 τραπέντα,
1247 2505 1322 2596 πρός
1334 2508 1375 2573 τά
1387 2501 1469 2573 δεινά

376 2623 565 2713 καρτερήσας
583 2620 740 2711 πρότερον.

424 2728 502 2796 Εἶτα
525 2729 563 2795 σὺ
587 2732 637 2795 τὸν
661 2727 754 2805 οὕτως
777 2729 971 2814 ἀθλήσαντα,
997 2730 1046 2794 τόν
1070 2725 1147 2794 ούτω
1171 2730 1465 2823 ταλαιπωρήσαντα,

375 2841 424 2904 τὸν
442 2837 519 2904 ούτω
537 2843 602 2931 περί
621 2841 724 2929 ψυχῆς
741 2836 914 2933 δραμόντα,
935 2842 1108 2931 ἀποστερεῖν
1122 2838 1231 2917 ἐθέλεις
1244 2845 1297 2905 τοῦ
1314 2835 1467 2928 δόματος;

376 2952 427 3015 καί
448 2949 501 3014 ούκ
518 2946 603 3024 ἀξιον
619 2953 727 3041 κρίνεις
742 2950 806 3037 ἐμοὶ
820 2956 908 3015 τοῦτο
921 2960 980 3016 τῶν
997 2951 1113 3017 πολλῶν
1127 2951 1244 3017 ἐκείνων
1259 2953 1397 3041 μόχθων,
1415 2956 1466 3019 καὶ

374 3071 432 3126 τῶν
455 3062 594 3152 ἀγώνων,
616 3053 656 3125 ὧν
673 3063 725 3126 καὶ
746 3059 817 3152 ὑπὲρ
837 3056 963 3149 δύναμιν
980 3072 1084 3128 πᾶσαν
1100 3065 1292 3154 ήγώνισμαι;
1316 3066 1369 3128 καί
1392 3066 1468 3139 τίνος

375 3177 465 3263 χάριν
483 3171 586 3236 λοιπόν
603 3173 642 3235 τά
659 3169 779 3261 μεγάλα
796 3170 896 3237 ἐκεῖνα
911 3167 1050 3242 διήθλουν
1064 3175 1115 3238 καί
1134 3175 1206 3264 πρὸς
1224 3174 1303 3238 τόσα
1320 3174 1374 3238 καί
1392 3173 1468 3238 τόσα

375 3287 513 3372 ἀντεῖχον
533 3283 573 3346 τά
591 3282 732 3370 χαλεπά,
753 3281 873 3374 εὐχερὲς
889 3282 923 3347 θν
941 3286 1104 3362 ζητεῖνκαὶ
1124 3285 1214 3350 αὐτόν
1231 3282 1283 3372 ἐμὲ
1300 3286 1383 3350 κατὰ
1400 3284 1467 3360 τοὺς

376 3393 487 3469 ἀλλους
504 3393 556 3463 τήν
573 3393 737 3482 σωτηρίαν,
757 3393 881 3457 κάκεῖσε
899 3391 997 3484 ῥέπειν
1013 3393 1087 3459 ὅπου
1107 3397 1300 3481 σωθήσομαι.

423 3529 439 3562 (ι
454 3485 529 3568 Ᾰλλ’
548 3502 577 3568 ἐν
594 3499 714 3578 ἀλλοιςθ
730 3498 791 3567 ἔδει
804 3523 822 3560 ν’
835 3505 937 3593 φησίν,
953 3499 1177 3596 «ἀνδρίζεσθαι
1192 3527 1222 3568 ν.

421 3594 499 3700 Ε’ἶμοὶ
519 3611 615 3703 λέγεις
634 3617 741 3690 τούτο;
761 3611 829 3703 λέγε
846 3620 882 3700 τῇ
900 3610 996 3701 τύχῃ,
1016 3611 1083 3703 λέγε
1100 3622 1142 3701 τῷ
1160 3609 1296 3701 δαίμονι.
1316 3591 1413 3707 ίλςπερ
1431 3616 1466 3681 ἂν

373 3719 543 3799 ἐξεπίτηδες
556 3721 710 3787 έπέθαινον
724 3731 777 3797 τῆς
789 3723 876 3807 νηός,
896 3732 1043 3814 πατρικής
1057 3725 1164 3802 ούσης,
1181 3726 1222 3801 ὡς
1234 3725 1347 3816 λέγεις,
1362 3729 1467 3813 μάντις

372 3839 425 3918 ὤν,
446 3827 469 3897 ὦ
487 3837 557 3917 Ζεῦ,
578 3833 597 3903 ή
616 3836 701 3924 παρά
717 3857 769 3898 του
788 3835 861 3897 θεῶν
879 3831 968 3910 εἰδὼς
984 3836 1024 3910 ὡς
1041 3837 1160 3911 πάντως
1177 3838 1393 3928 περιστήσεται
1410 3862 1468 3903 κα-

371 3947 489 4035 ταιγίς,
508 3944 560 4008 καί
579 3943 605 4007 οἱ
623 3948 732 4008 ναῦται
748 3944 821 4035 πρός
838 3945 872 4008 τὸ
892 3939 987 4010 δεινόν
1001 3941 1273 4038 δειλανδρήσουσι,
1294 3948 1383 4037 κάγὼ
1400 3948 1466 4013 τότε

372 4058 559 4147 ἀγωνιοῦμαι
582 4055 633 4118 καί
660 4051 731 4145 ὑπὲρ
755 4049 898 4142 δύναμιν,
925 4057 977 4119 καί
999 4058 1084 4146 παρὰ
1100 4055 1195 4145 τύχης
1217 4055 1301 4121 λάθω
1321 4051 1362 4122 ὧν
1383 4058 1466 4150 παρά

406 4265 556 4334 ’Συγκροττῖή
569 4264 662 4331 sicjam
674 4280 698 4331 p.
716 4266 776 4328 142,
793 4270 802 4314 1
821 4285 826 4313 :
843 4269 900 4316 τού·
929 4264 1011 4314 dixit:
1028 4266 1219 4333 ἀποκρυψάμενον
1237 4273 1264 4317 τό
1281 4277 1323 4325 τῆς
1340 4269 1463 4335 ἀποκηρύ-

373 4363 421 4400 τσις
434 4346 534 4407 ἐμαυτὸν
546 4352 712 4411 συγκροτήσας.
929 4349 984 4404 ξεως
996 4343 1086 4409 ἁῖσχος.

405 4420 415 4446 ’
430 4422 461 4470 Et
484 4423 594 4486 superius
619 4439 644 4486 p.
665 4425 727 4482 143,
742 4424 790 4482 26,
809 4423 900 4486 pariter
962 4422 1083 4474 ⁸Sch0!.:
1094 4427 1235 4489 μετάληψις.
