3684 5659
372 608 442 680 494
708 613 744 671 Γ.
772 610 846 670 ΤΟΥ
871 606 1126 670 ΠΑΧΥΜΕΡΟΥΣ

370 750 513 880 συγγνοίη
529 749 710 840 πραχθεῖσιν
732 747 750 817 ἢ
773 742 936 822 ἐπεξελθεῖν
954 742 1120 821 θελήσειεν;
1140 741 1218 808 ούτω
1234 743 1342 834 πικρός
1359 741 1398 807 σὺ
1414 766 1462 807 τι·

370 860 470 976 μωρὸς
490 883 542 922 και
567 856 759 932 κολαστὴς
723 857 965 988 ριποιραιτητος,
992 852 1083 945 εὑρών
1101 878 1169 919 τινα
1186 853 1461 943 πλημμελήσαντας

370 951 422 1034 λσθ
426 997 435 1033 ι
449 994 490 1055 μη
478 967 640 1042 καλῶς’
622 967 837 1057 ἀναγινώσκων
854 966 904 1030 τόν
920 966 1022 1051 νόμον.
1042 970 1182 1056 Προπαρο
1167 962 1293 1042 όξυνε
1264 988 1317 1036 την
1333 967 1462 1098 γραφήν,

372 1082 424 1146 καὶ
449 1088 486 1168 τῇ
508 1086 567 1143 τῶν
583 1057 718 1142 Ᾰττικῶν
736 1079 828 1148 συνηθ
831 1078 879 1161 είᾳ
900 1084 984 1166 χρῶ,
1009 1057 1179 1151 Ᾱττικός”
1159 1100 1213 1156 ων,
1240 1078 1293 1142 καὶ
1318 1077 1352 1141 τὸ
1376 1079 1464 1140 ἔστω

372 1190 449 1261 πλήθ
452 1213 533 1255 υνε.·

422 1302 459 1365 Εἰ
481 1296 615 1432 μὲνγὰρ
637 1299 679 1386 μὴ
700 1295 884 1430 γεννηθεὶς
872 1300 1001 1362 ἐνταῦθα
1019 1293 1096 1385 μηδὲ
1114 1297 1255 1387 τραρείς,
1275 1294 1343 1362 ἀλλ’
1362 1296 1467 1362 ἄλλοθί

374 1434 449 1494 πον,
469 1406 535 1474 εἶτα
550 1410 668 1500 ἠγνόεις
683 1432 736 1479 την
752 1417 811 1473 τῶν
825 1388 959 1473 Ᾰττικών
974 1411 1144 1490 συνήθειαν,
1162 1409 1214 1472 καὶ
1231 1406 1312 1483 όπως
1325 1408 1359 1472 τὸ
1373 1405 1467 1473 ἑνικὸν

374 1524 457 1612 ῥῆμα
473 1520 550 1590 πληθ
552 1528 682 1595 νντικοῑς
699 1521 903 1584 σύντάσσουσι
919 1527 983 1594 τοῑς
1002 1520 1158 1605 ὀνόμασιν,
1183 1521 1207 1582 εἰ
1228 1519 1318 1604 μόνον
1335 1514 1396 1583 εἷεν
1412 1517 1466 1583 ού-

376 1626 501 1722 δέτερα,
525 1630 618 1718 τυχόν
641 1636 679 1694 άν
701 1631 746 1703 τίς
764 1652 811 1693 σοι
829 1630 881 1692 καὶ
901 1628 1049 1719 συνέγνω,
1074 1626 1151 1693 ούτω
1168 1629 1222 1692 ’τόν
1242 1629 1335 1715 νόμον
1356 1630 1465 1718 ἀναγι-

376 1742 535 1806 νώσκοντι.
556 1721 630 1805 Fine}
651 1736 686 1804 θέ
711 1739 784 1830 ἀνὴρ
808 1719 957 1814 Ᾰθηναῖος
975 1738 1031 1823 σύ,
1052 1739 1103 1803 καὶ
1125 1747 1178 1814 τῆς
1194 1738 1348 1829 ἡμετέρας
1362 1734 1468 1806 διαλέ-

378 1874 450 1915 κτου
471 1849 501 1922 ἐς
522 1855 614 1940 ἀκρον
631 1846 793 1927 ἐπήθολος,
814 1847 830 1913 5
846 1873 874 1912 τι
892 1873 926 1939 γε
943 1850 995 1912 καὶ
1014 1857 1164 1940 γυναικῶν
1181 1847 1323 1924 ἀκούσεις
1342 1848 1470 1915 ἐνταῦθα

379 1960 431 2023 καὶ
455 1952 500 2034 οἷς
520 1961 666 2050 ἀγροῖκος
683 1958 697 2022 5
717 1954 784 2042 βίος
802 1960 855 2021 καὶ
873 1966 933 2022 τῶν
950 1954 1113 2042 βαναύσων
1130 1955 1206 2023 οὔτω
1227 1958 1389 2049 λεγόντοιν,
1407 1962 1469 2025 πά-

369 2092 460 2160 τριον
482 2067 611 2157 ἐχόντων
631 2071 751 2143 πάντως
769 2069 821 2138 τὴν
838 2068 975 2158 γλῶτταν
992 2071 1043 2134 καὶ
1064 2068 1185 2160 εὐγενῆ,
1208 2073 1266 2135 πού
1289 2064 1412 2134 δίκαιον
1432 2071 1471 2157 μὴ

381 2179 513 2245 συνιέναι
531 2202 564 2244 σε
582 2184 683 2262 τοῦτο,
702 2181 754 2243 καλ
771 2180 821 2244 τόν
835 2181 924 2266 νόμον
936 2178 1166 2270 ἀναγινώσκεινι
1183 2181 1265 2245 κατά
1277 2181 1331 2251 τὴν
1345 2161 1473 2253 Ᾰττικὴν

382 2287 538 2370 σύνταξιν;
560 2293 597 2354 Εἰ
616 2286 649 2355 θέ
672 2293 726 2355 καί
748 2287 809 2366 τις’
832 2291 881 2354 τόν
902 2291 986 2355 τόνον
1003 2290 1145 2376 μετέθηκε
1162 2292 1215 2355 καὶ
1234 2291 1253 2360 5
1271 2285 1380 2374 βίόλος
1398 2287 1473 2357 ούτω

383 2410 436 2478 τῆς
453 2409 569 2494 γραφῆς
587 2404 669 2488 ἔχει,
694 2396 755 2466 ἔθει
772 2425 807 2466 σε
823 2401 897 2494 πρός
912 2401 962 2465 τόν
979 2400 1139 2488 νομοθέτην
1156 2397 1403 2492 ἐπανατρέχειν’,
1422 2403 1472 2467 καλ

385 2509 531 2589 ἐξετάζειν
547 2513 599 2584 τὴν
616 2511 728 2578 ἐκείνου
744 2507 910 2595 θιάνοιανθ,
929 2514 1067 2576 κάκεῖθεν
1082 2510 1246 2599 λαμθάνειν
1258 2511 1312 2582 τὴν
1325 2511 1411 2577 λύσιν
1423 2517 1475 2578 τοῦ

384 2623 569 2716 ἀμφιθόλοο,
598 2623 638 2698 ὡς
664 2623 769 2695 ἀληθεῖ
793 2632 836 2710 τῷ
859 2622 998 2713 πρέποντι
1024 2622 1189 2714 χρώμενον.
1217 2623 1257 2686 Τό
1281 2623 1343 2713 γάρ
1367 2622 1477 2714 πρέπον

384 2740 545 2824 πανταχοῦ
574 2742 632 2798 τῶν
659 2734 777 2819 καλῶν,
811 2736 863 2799 καὶ
896 2728 995 2809 οὐδεὶς
1020 2732 1116 2820 τούτῳ
1144 2734 1297 2825 χρώμενος
1323 2735 1477 2826 ἡμάρτηκε

386 2845 517 2909 πώποτε.

436 2955 494 3018 Καὶ
523 2950 597 3025 θη
585 2953 629 3044 αρ’
657 2953 775 3041 ἑκάστῳ
799 2963 858 3019 τῶν
886 2952 1047 3044 γινομένων
1073 2953 1130 3046 ὅρα
1109 2953 1189 3019 ατό
1211 2953 1340 3088 πρέπον,
1367 2955 1479 3026 ὁπόσην

388 3063 476 3194 ἰσχὺν
498 3073 540 3151 τῷ
562 3064 677 3155 λέγοντι
700 3066 881 3154 περιτίθησι.
905 3064 1019 3156 Πρέπον
1041 3066 1130 3156 πατρὶ
1122 3065 1191 3128 ιτό
1218 3066 1283 3154 περὶ
1308 3066 1343 3130 τό
1372 3069 1482 3130 οἰκεῖον

388 3175 520 3300 γέννημα
545 3171 757 3262 κηθεμονικόν
786 3178 837 3241 καὶ
862 3201 988 3266 πειρατη
1012 3175 1121 3265 πρέπον
1148 3167 1205 3240 αύθ
1209 3201 1234 3249 ις
1257 3176 1291 3239 τό
1320 3178 1388 3267 περὶ
1413 3176 1482 3252 τοὺς

390 3282 567 3372 ἐντυχόντας
584 3285 760 3349 κακοποιόν.
781 3285 857 3376 Φέρε
874 3287 934 3376 γάρ
953 3291 981 3349 εἰ
995 3310 1052 3349 που
1069 3308 1294 3376 περιτετνχηκει
1310 3286 1411 3378 πατὴρ
1429 3285 1484 3350 σὺν

390 3394 446 3482 υἱῷ
459 3395 555 3460 πλέων
570 3404 722 3487 μονογενεῖ
736 3405 912 3488 πειραταῖς,
930 3397 982 3459 καὶ
1000 3396 1013 3459 5
1028 3406 1100 3471 παῖς
1114 3394 1264 3469 έθνθέζετο
1278 3394 1479 3488 ύποθρύχιος,

390 3508 569 3598 τοῦπατρὸς
584 3507 716 3597 ἐρέντος,
736 3506 943 3597 ημιρισθήτονν
960 3501 988 3569 θ’
1003 3505 1143 3579 ἀλλήλοις
1156 3506 1299 3595 πειρατὴς
1315 3509 1369 3570 καὶ
1385 3508 1483 3597 πατὴρ

391 3619 456 3708 περὶ
475 3619 508 3682 τό
527 3618 646 3705 σνμθάν
668 3618 779 3701 ἐκεῖνο,
805 3619 856 3682 καὶ
880 3609 965 3691 ποῖος
985 3623 1037 3682 τού
1058 3614 1237 3701 βυθισθηναι
1256 3615 1371 3707 ἐγένετο
1389 3625 1485 3694 αἴτιος

392 3734 434 3811 τῷ
450 3722 539 3791 παιθί
547 3774 556 3811 ,
578 3731 689 3818 ἔκρινες
704 3724 737 3792 θέ
753 3727 807 3811 σύ,
824 3727 942 3791 ἐκείνων
956 3725 1050 3803 ούτως
1066 3725 1332 3817 ἀμρισθητούντων
1348 3735 1402 3794 τοῦ
1419 3731 1484 3821 περὶ

392 3837 441 3901 τόν
463 3834 561 3902 παῖθα
579 3841 710 3922 πάθους,
730 3841 852 3929 πότερον
870 3845 932 3931 ἀρα
951 3837 1059 3903 ἐκτῶν
1078 3839 1200 3902 εἰκότων
1216 3838 1417 3929 κατέκρινας,
1436 3842 1487 3907 τὸν

393 3949 534 4039 πειρατὴν
557 3948 576 4018 ἢ
600 3948 650 4012 τὸν
673 3948 809 4040 πατέρα;
837 3946 870 4010 ού
894 3948 970 4014 πάσ’
995 3951 1113 4038 ἀνάγκη
1139 3948 1188 4013 τὸν
1210 3951 1373 4041 πειρατήν,
1399 3947 1486 4017 Ούτω

393 4065 551 4148 πανταχοῦ
569 4060 602 4125 τό
620 4059 730 4152 πρέπον
749 4059 811 4124 ἐστὶ
831 4061 882 4124 καὶ
902 4062 967 4152 περὶ
986 4062 1025 4124 τά
1043 4059 1228 4150 ἀγνοούμενα
1246 4055 1393 4137 δήλωσις.

429 4268 436 4294 ¹
453 4270 587 4332 Repetatur
603 4278 685 4318 mente
704 4267 801 4332 negatio
820 4275 854 4332 μη
871 4276 926 4317 ante
987 4265 1047 4315 ³Sic
1056 4268 1185 4317 vernacule
1193 4267 1488 4322 dicimusztrecourirau

396 4348 569 4410 ἀναγινώσκειν.
953 4343 1093 4408 l5gislaleur
1107 4366 1129 4396 ν.

429 4422 438 4448 ²
451 4424 544 4489 Aliquis
554 4424 649 4474 scilicet
660 4424 816 4488 antiquarius.
987 4420 997 4446 ⁴
1012 4423 1085 4474 Schol
1103 4446 1109 4474 ι
1123 4427 1215 4477 διάνοια
1227 4432 1268 4477 τοῦ
1282 4431 1419 4490 νομοθέτου.
