3684 5659
425 620 470 689 50
760 627 793 685 Γ.
822 622 896 683 ΤΟΥ
921 619 1178 683 ΠΑΧΥΜΕΡΟΥΣ

421 761 497 841 τινί,
518 757 627 848 σύναγε
644 757 695 821 καί
715 755 767 825 τὴν
785 756 933 846 γραφικὴν
950 752 1045 843 ἐκείνη
1062 757 1113 820 καί
1134 754 1277 845 ἐπιχείρει
1295 754 1516 846 συλλογιζόμε-

422 894 484 945 νος.
506 848 599 958 Ελχεις
623 864 720 943 δεῖξαι
743 867 832 955 νόμον
850 869 1003 958 ἰατρικῆς,
1027 871 1130 931 τοῦτον
1149 865 1201 954 μὲν
1219 865 1335 957 ἐφιέντα
1353 866 1513 958 ἰατρεύειν,

423 980 532 1046 ἐκεῖνον
548 976 577 1045 δ’
593 978 839 1070 ἀπαγορεύοντα;
858 981 910 1042 καί
932 979 989 1065 μὴν
1002 977 1208 1068 φιλάνθρωπος
1227 980 1247 1048 ἡ
1265 978 1356 1065 τέχνη
1376 978 1515 1045 καλεῖται

422 1094 474 1156 καὶ
489 1099 565 1156 πάσι
582 1093 678 1169 κοινή,
695 1091 747 1154 καί
764 1088 819 1154 ούκ
832 1088 934 1175 ἐκείνῳ
947 1087 1000 1175 μὲν
1014 1088 1234 1178 φιλάνθρωπος,
1248 1086 1357 1176 τούτῳ,
1374 1084 1405 1153 δ’
1419 1091 1445 1153 εἰ
1459 1087 1515 1154 τύ-

424 1228 496 1290 χοι,
515 1203 739 1292 μισάνθρωπος.

472 1293 544 1378 Ᾰλλ’
563 1308 658 1398 ὅμως1
673 1312 797 1400 φήσεις·
819 1334 834 1367 <t
850 1312 886 1373 Τί
905 1306 960 1386 δίς
981 1312 1032 1375 καί
1051 1308 1191 1401 τύραννον
1211 1309 1397 1401 ἰατρεύσεις,
1414 1311 1516 1402 ἰατρὸς

423 1428 476 1507 ὥν,
497 1425 549 1486 καί
567 1419 707 1508 πολέμιον
723 1445 759 1498 ν;

473 1532 517 1598 ot
541 1532 617 1623 λε’γω
633 1530 749 1616 τοῦτο’,
771 1526 837 1596 οὐδ’
865 1534 907 1606 εἰς
933 1536 1074 1596 τοσοῦτον
1091 1534 1205 1618 μανίας·
1221 1533 1373 1622 ἀφῖγμαι,
1393 1530 1463 1608 dgr'
1481 1533 1518 1597 ά·

424 1641 504 1721 ξιούν
522 1643 684 1735 εὐεργετεῖν
701 1643 751 1707 τὸν
765 1641 862 1706 κοινὸν
877 1647 931 1706 τού
946 1637 1044 1728 δήμου
1061 1641 1214 1729 πολέμιον.
1230 1622 1303 1708 Ᾰλλ’
1316 1641 1370 1707 ούκ
1390 1639 1421 1718 ἐξ
1447 1647 1517 1706 ἰσον

422 1761 509 1820 τοῦτο
525 1755 599 1845 πρὸς
617 1754 651 1818 τὸ
665 1752 747 1840 ε’μόν.
764 1756 838 1816 Εκεί
858 1749 911 1837 μὲν
927 1752 985 1843 γάρ
1005 1748 1165 1816 ὑπεύθυνον
1185 1753 1219 1817 τὸ
1239 1754 1453 1844 πραττόμενον,
1472 1751 1517 1819 ὅτι

424 1867 476 1929 καί
493 1863 616 1955 φανερὸν
632 1863 666 1926 τὸ
680 1857 838 1947 ἀδίκημα,
854 1862 906 1924 καί
926 1858 1094 1950 ὁτύραννον
1112 1860 1254 1952 ἰατρεύων
1272 1863 1359 1926 νόσον
1373 1859 1404 1938 ἐξ
1417 1863 1516 1953 ἀνάγ-

425 2001 479 2049 κης
498 1981 541 2058 τῷ
561 1969 647 2058 δήμῳ
669 1973 896 2062 παρασκευάζει
918 1972 970 2035 καί
993 1972 1142 2036 θάνατον·
1168 1972 1297 2038 ἐνταῦθα
1318 1969 1388 2044 δἐἡ
1410 1970 1519 2065 πρᾶξις

423 2082 523 2168 πολλῷ
541 2077 700 2172 διώρισται
717 2089 770 2156 τῆς
788 2080 998 2169 ε’πισυμθάσης
1016 2084 1148 2169 κακίας,
1168 2086 1220 2148 καί
1239 2083 1294 2148 οὐκ
1311 2080 1342 2159 ἐξ
1358 2086 1515 2174 ἀνάγκης,

424 2192 525 2259 ἕπεται
548 2199 591 2277 τῷ
610 2193 743 2282 ναυάγια
764 2194 928 2282 γράφοντι,
951 2199 1024 2258 εἰπω
1046 2189 1153 2258 δὲκαὶ
1176 2195 1291 2259 ἱστάντι
1313 2194 1359 2259 ἐπὶ
1377 2193 1516 2281 λιμένων,

424 2304 509 2391 λιμὸς
526 2304 578 2368 καί
597 2304 704 2378 σπάνις
721 2310 779 2367 τῶν
794 2305 972 2394 ἀναγκαίων
986 2307 1037 2369 καί
1056 2301 1156 2370 ἔνδεια
1172 2307 1306 2382 πόλεως·
1327 2305 1406 2371 ἀλλά
1417 2306 1452 2370 τὸ
1466 2303 1519 2394 μὲν

425 2418 508 2507 ἔργον
526 2411 695 2496 ἀνεύθυνον,
715 2413 748 2478 τὸ
766 2409 796 2478 δ’
811 2412 981 2502 ἐπισυμθάν
999 2415 1145 2502 χαλεπόν.

473 2506 543 2618 E’yb
561 2521 622 2609 δέί,
641 2529 666 2589 εἰ
684 2528 724 2612 μή
742 2550 806 2602 πως
823 2522 902 2602 δόξω
920 2535 957 2615 τῇ
974 2528 1058 2592 πόλει
1075 2526 1191 2620 βαρύς,
1212 2527 1360 2593 ἀλλὰκαὶ
1378 2527 1519 2619 τύραννον

425 2637 568 2729 ἰατρεύειν
585 2632 693 2712 ἐξεῖναι
707 2633 960 2728 διισχυρισαίμην
978 2639 1014 2702 ἀν
1034 2641 1149 2730 ἰατρόν.

474 2750 532 2813 Καὶ
555 2744 649 2831 ἀξιῶ,
671 2750 744 2838 πρὶν·
764 2744 948 2813 διακοῦσαι*
969 2751 1080 2826 παντὸς
1100 2756 1153 2814 τού
1176 2750 1283 2841 λόγον,
1307 2751 1348 2837 μὴ
1369 2749 1517 2841 θορυθεῖν.

426 2853 507 2922 Οἶδα
526 2859 584 2948 γάρ
604 2853 800 2948 φιλοπόλιδας
815 2862 903 2932 ὄντας
921 2855 1019 2943 ὑμᾶς,
1040 2859 1091 2922 καί
1107 2860 1180 2949 πρὸς
1194 2860 1281 2944 μόνον
1295 2864 1389 2945 ὄνομα
1405 2863 1521 2950 τυράν-

426 2992 477 3032 νου
496 2963 599 3042 ἀηδῶς
617 2970 756 3055 ἔχοντας.

475 3059 595 3155 Ιίξεῖναι
606 3077 682 3169 λε’γω
696 3077 840 3169 ἰατρεύειν
852 3079 904 3141 καὶ
918 3076 1058 3167 τύραννον
1071 3085 1113 3164 τῷ
1126 3067 1273 3167 τεχνίτῃ“,
1286 3077 1357 3144 ὅταν
1374 3080 1414 3154 ὡς
1431 3078 1524 3157 dioc⁰

428 3193 582 3280 ἄνθρωπον
601 3187 721 3280 ἰατρεύῃ
739 3190 790 3253 καὶ
808 3189 866 3277 ούχ
883 3189 924 3263 ὡς
942 3187 1095 3278 τύραννον,
1114 3188 1185 3253 ὅταν
1202 3185 1295 3276 μηδὲν
1314 3185 1333 3279 ῄ
1352 3187 1475 3267 δύςνονν
1492 3192 1522 3257 ἐν

405 3371 407 3374 ,
428 3309 464 3389 τῇ
480 3300 585 3390 ψυχῇ,
602 3295 674 3386 μηδ’
691 3295 783 3374 ούτως
799 3298 918 3391 ἰατρεύῃ
933 3298 978 3364 ε’πί
994 3308 1036 3385 τῷ
1052 3300 1104 3370 τὴν
1117 3299 1202 3365 πόλιν
1214 3304 1436 3392 τυραννεῖσθαι,
1452 3301 1521 3368 ἀλλ’

427 3514 513 3563 saltent
527 3529 576 3562 non
592 3511 773 3562 contendebant
784 3530 806 3558 ν.
822 3511 859 3560 Ex
876 3511 963 3560 litteris
1024 3510 1141 3562 ‘Schola
1154 3516 1223 3581 ἑτέρα
1235 3515 1296 3570 λύσις
1307 3518 1369 3573 κατὰ
1384 3514 1523 3582 ἀντιπαρά-

428 3591 560 3641 initialibus
578 3599 605 3641 Φ.
623 3599 649 3640 Φ.
672 3590 736 3639 illius
757 3586 964 3654 interpretationis
991 3610 1082 3640 στατιν.

426 3669 563 3734 praeiationi
574 3667 717 3731 subscriptis
730 3668 809 3717 nulius
822 3668 899 3717 ferme
913 3668 964 3716 dn·
1024 3668 1034 3693 ⁴
1045 3668 1141 3728 Codex,
1155 3671 1287 3719 διακοῦσαι.

427 3748 479 3798 bito
494 3748 551 3812 quin
567 3748 599 3795 sit
613 3746 741 3796 tribuenda
758 3755 784 3797 Φ.
799 3744 963 3816 Φονρνάροίκῃ,
1024 3746 1118 3803 wod„
1127 3759 1160 3814 τῷ
1169 3757 1261 3817 τνχήτρ
1269 3747 1307 3797 vel
1315 3746 1522 3816 τεχήτη.(λοο]ὀσί

428 3841 476 3890 quo
494 3826 603 3890 Corayus
626 3825 704 3873 amico
727 3823 848 3885 utebatur,
873 3825 964 3889 quique
990 3834 1096 3894 τεχνίτῃ.
1110 3826 1230 3889 Medicina
1244 3842 1284 3876 ars
1300 3836 1352 3886 cst,
1362 3825 1429 3875 unde
1441 3835 1525 3890 potest

429 3913 484 3967 post
500 3902 564 3951 senis
579 3900 778 3951 desideratissimi
795 3912 898 3952 mortem
912 3901 964 3968 ejus
991 3906 1038 3955 dici
1054 3904 1162 3955 medicus
1173 3904 1274 3965 artifcx3
1287 3914 1325 3954 est
1341 3910 1425 3969 τέχνη,
1441 3904 1526 3956 medi-

428 3977 540 4032 ’Δτοίκτων
555 3981 664 4046 quintum
677 3989 767 4029 tomum
785 3979 862 4030 edidit
873 3982 965 4048 acpri·
991 4000 1034 4034 cus
1053 3992 1171 4050 τεχνίτης.
1196 3983 1358 4049 Hippocrates
1376 3983 1524 4048 Aphorismo

429 4063 676 4128 πιιιῐιιΠρολεγομίνων
684 4074 714 4108 ex
722 4058 965 4111 bibliothocaGroeca
991 4063 1067 4114 nobili
1087 4084 1093 4112 t
1114 4070 1185 4129 τίχνη
1205 4072 1299 4131 μακρή·
1326 4079 1355 4113 ac
1382 4063 1468 4112 Celsus
1491 4064 1526 4113 ait

429 4149 611 4205 excerptorum.
993 4161 1004 4186 ι
1027 4142 1215 4208 conjecturalem
1236 4153 1313 4192 artem
1339 4156 1393 4191 osse
1418 4140 1527 4191 medici-

464 4214 471 4240 ¹
484 4215 578 4265 Schol.:
591 4217 704 4273 ἀντίθεσις
713 4215 831 4286 εὑρεθεῖσα
840 4220 863 4267 tx
874 4229 915 4276 τῆς
925 4221 964 4286 ἰρ-
990 4235 1046 4271 uatu
1055 4241 1077 4268 ιι.
1089 4221 1161 4270 Modo
1170 4220 1258 4270 Noster
1269 4240 1275 4268 :
1287 4224 1472 4289 φιλάνθρωποςὴ
1483 4225 1525 4272 τί·

429 4302 525 4358 γασίας,
546 4300 585 4344 κοιί
607 4295 646 4346 οὒκ
669 4294 741 4354 αὒτῆς
764 4298 899 4355 ἀκολουθίας
923 4309 963 4355 τῆς
990 4315 1044 4362 χνη·
1057 4309 1082 4348 et
1094 4304 1271 4364 mux‚dvo‘pto;
1282 4311 1324 4357 τῆς
1333 4305 1426 4362 τέχνης.

429 4379 541 4430 στάσεως.
1023 4374 1116 4438 “Cod.‚
1129 4381 1211 4437 ἄλλως.
1226 4377 1326 4443 Conjeci
1339 4377 1410 4437 ὅλως,
1423 4375 1523 4427 univer·

461 4447 471 4473 ²
486 4449 579 4503 Schol.:
592 4453 655 4509 λύσις
671 4459 732 4503 κατὰ
743 4453 859 4505 ἔνστασιν.
988 4454 1048 4514 sim,
1063 4460 1170 4508 καθόλου.
