3684 5659
372 628 443 696 210
706 633 742 690 Γ.
770 633 845 693 ΤΟΥ
869 627 1124 691 ΠΑΧΥΜΕΡΟΥΣ

420 747 496 855 Εμοί
523 762 639 857 πατὴρ1
662 765 778 856 ἀγαθὸς
805 766 844 829 τά
871 764 1038 850 πολεμικά,
1071 756 1234 848 δημοτικός
1256 761 1307 826 τὸν
1334 762 1462 852 τρόπον,

372 877 490 968 μέτριος
506 877 580 968 πρὸς
603 874 672 951 τοὺς
692 876 816 951 πολίτας
840 877 891 941 καί
916 875 1036 965 ἱλαρός,
1060 873 1132 964 πρὸς
1152 867 1186 936 δὲ
1200 870 1279 948 1τοῦς
1300 868 1465 963 ἐχθρωδῶς

373 991 499 1078 ἔχοντας
515 988 587 1080 πρὸς
605 988 657 1057 τὴν
673 987 758 1051 πόλιν
774 989 826 1051 καί
851 987 917 1051 λίαν
941 981 1085 1077 θρασύς’·
1110 987 1190 1073 ἔχων
1209 983 1273 1048 υἱὸν
1297 981 1349 1070 ἐμὲ
1373 978 1467 1069 μηδὲν

374 1100 538 1164 άπεοικότα
554 1098 626 1190 πρὸς
641 1096 710 1172 τοῦς
727 1097 839 1163 ἐκείνου
855 1099 998 1189 τρόπους,
1018 1097 1059 1170 ὡς
1075 1097 1127 1160 καί
1144 1093 1274 1170 πολλοῦς
1288 1101 1349 1158 τῶν
1363 1088 1463 1158 ἐνθαδί

373 1219 547 1301 μαρτυρεῖν.
566 1208 612 1273 Δι’
629 1210 665 1280 ἣν
683 1210 784 1273 αἰτίαν
802 1210 853 1273 καί
875 1208 1020 1282 πολλάκις
1037 1205 1085 1271 ἐπὶ
1103 1204 1238 1297 ροθερῶν
1251 1203 1391 1292 πολέμων
1408 1228 1467 1268 πα-

374 1321 613 1455 ραταττόμενρς,
644 1320 685 1395 ὡς
712 1318 822 1395 ἐκεῖνος
852 1319 966 1410 ἔλεγεν,
997 1313 1083 1383 οῦδὲν
1109 1316 1260 1408 ἐλογίζετο
1288 1315 1321 1380 τὸ
1350 1317 1483 1400 θανεῖν,Ι

375 1430 501 1507 ἐλπίζων
524 1433 576 1496 καί
598 1431 690 1496 πάλιν
714 1434 767 1519 ζῇν
790 1428 898 1515 αὐτός,
919 1432 944 1494 εί
961 1431 1013 1494 καί
1035 1430 1138 1510 θάνοι,
1159 1428 1212 1492 καὶ
1236 1426 1283 1492 ε’πί
1307 1434 1367 1492 τῶν
1390 1425 1469 1513 ἐμῶν

375 1545 468 1650 ἔργων
485 1543 607 1633 ραίνεσθ
610 1567 657 1606 αι.

424 1652 518 1743 Ελεγε
537 1648 570 1716 δὲ
586 1651 731 1727 πολλάκις
747 1653 799 1716 καί
817 1675 890 1781 πρρς
904 1649 956 1739 ε’με
971 1674 1122 1725 τοιουτους
1141 1648 1268 1740 λόγους·

427 1787 442 1820 «
506 1771 580 1846 παῖ,
603 1761 673 1850 ε’μός
693 1759 746 1850 μἐν
768 1770 805 1850 τῇ
830 1760 916 1852 ρῦσει
936 1768 1010 1835 παῖς
1031 1756 1074 1843 εἷ,
1099 1758 1169 1846 ἐμὸς
1192 1755 1226 1823 δὲ
1249 1761 1302 1824 καί
1327 1760 1381 1824 καί
1407 1767 1470 1834 τοῖς

377 1873 498 1965 τρόποις
514 1874 651 1963 γίνεσθαι
673 1867 797 1937 σπεῦδε.
819 1870 931 1947 Φόσεις
949 1873 1011 1962 γάρ
1024 1872 1172 1957 σωμάτων
1189 1895 1241 1934 και
1232 1867 1371 1957 ψυχῶν
1386 1871 1470 1956 πάμ-

376 1983 452 2048 πολυ
470 1979 680 2065 διεστήκατον,
697 1984 749 2046 καί
769 1977 830 2046 ’ίθοι
846 2006 890 2058 τις
910 1982 947 2045 ἂν
963 1981 1109 2056 πολλάκις
1124 1978 1192 2055 τοῦς
1208 1977 1262 2066 μὲν
1274 1980 1418 2070 γνησίους
1434 2003 1469 2068 τη

378 2091 463 2184 ρῦσει
486 2093 538 2155 καί
567 2088 618 2167 οῦς
647 2090 706 2156 ἑνοῖ
736 2093 885 2178 σωμάτων
911 2092 1062 2166 οἰκείωσις
1085 2090 1228 2177 πάμπολυ
1250 2085 1468 2180 διαφέροντας,

378 2201 447 2278 τοὺς
461 2198 495 2267 θε
508 2201 582 2267 πολὺ
596 2202 629 2266 τὸ
645 2200 728 2294 γένος
741 2197 956 2290 διῳκισμένους
969 2211 1032 2277 τοῖς
1048 2202 1168 2293 τρόποις
1182 2202 1318 2292 γνησίως
1329 2204 1468 2288 ἔχοντας.

377 2312 489 2378 Βοῦλου
507 2314 602 2377 τοίνυν
619 2314 777 2403 φαίνεσθαι
791 2317 843 2376 τοῦ
861 2313 974 2403 πατρός
988 2312 1027 2387 ὡς
1041 2309 1214 2403 ἀρχετύπου
1230 2311 1333 2376 εἰκών.
1354 2311 1414 2375 Καί
1432 2311 1472 2398 μὴ

379 2449 431 2489 τον
416 2420 541 2500 δεῖνος
554 2422 659 2515 λέγεσθ
662 2449 694 2488 αι
711 2432 800 2508 παῖς,
820 2422 899 2487 άλλά
912 2449 964 2488 και
955 2419 1054 2487 εἶναι
1068 2431 1136 2497 ταῖς
1149 2422 1255 2493 άληθ’
1229 2445 1320 2506 ειαις,
1341 2417 1469 2486 σπεῦδε·

381 2535 422 2622 μίι
445 2531 478 2600 θὲ
501 2537 589 2622 μόνον
612 2538 722 2600 οἰκειοῦ
738 2542 785 2646 τῷ
806 2533 900 2626 γένει,
926 2533 1006 2598 ἀλλά
1024 2533 1125 2620 πολλῷ
1145 2533 1259 2620 μᾶλλον
1281 2541 1347 2607 τοῖς
1366 2534 1472 2617 ἤθεσι,

381 2648 440 2710 καθ
443 2647 463 2709 ά
480 2672 532 2711 και
523 2642 595 2729 βα
574 2644 709 2738 άρθαρος
727 2621 883 2716 Ελληνι’
857 2645 1048 2709 οικειώσαιτο
1067 2651 1118 2723 άν,
1138 2645 1190 2708 καί
1214 2668 1229 2707 ο
1218 2639 1279 2719 εξ
1299 2639 1474 2720 ἀλλοδαπῆς

381 2765 424 2843 τῷ
447 2755 622 2844 αῦτόχθονι.
650 2755 694 2819 Οῦ
716 2760 857 2819 τοσοῦτον
879 2757 939 2846 γάρ
968 2756 1078 2831 εἰκόνες
1104 2778 1245 2864 σωματος
1275 2762 1473 2848 παρεμφερεῖς

383 2863 535 2931 θεικνῦσί8
556 2889 657 2948 τινας,
683 2864 752 2930 ὅσον
772 2869 979 2941 καταστάσεις
998 2866 1112 2953 ψυχῆς.
1138 2870 1230 2953 Εχεις
1255 2871 1419 2958 τοιγαροῦν
1441 2866 1473 2931 τό

382 2975 484 3040 νύττον
501 2979 543 3050 εἰς
560 2981 661 3040 τοῦτο.
682 2975 726 3040 Οῦ
746 2978 805 3067 γάρ
826 2975 962 3060 άλλοθεν,
983 2975 1087 3042 οίλλΜ
1069 2975 1120 3066 αρ’
1140 2976 1259 3061 ἑστίας,
1282 2974 1421 3068 όιρασι”,
1441 2977 1474 3041 τὸ

382 3083 592 3179 παράδειγμα.
612 3091 648 3150 Εἰ
663 3092 735 3178 γοῦν
752 3086 785 3150 οῦ
800 3087 901 3162 καλῶς
914 3090 1036 3176 πράττοι
1045 3136 1055 3171 ,
1075 3094 1164 3178 ρεῦγε
1177 3088 1229 3157 τὴν
1242 3091 1383 3174 μίμησιν.
1403 3091 1473 3153 Τότε

382 3200 442 3289 γάρ
464 3222 508 3272 τις
527 3200 578 3261 καὶ
604 3199 783 3262 ἀπειθοῦντα
806 3207 849 3284 τῷ
875 3207 919 3284 σῷ
943 3202 1093 3290 γεννήτορι
1118 3198 1305 3264 ἐπαινέσεται
1314 3246 1324 3283 ,
1349 3201 1402 3264 καί
1426 3201 1476 3270 την

384 3308 519 3373 ἐναντίαν
536 3317 598 3383 τοῖς
615 3313 668 3372 τοῦ
687 3309 799 3400 πατρὸς
819 3309 939 3400 τρόποις
959 3305 1101 3374 όθεῦοντα
1118 3319 1179 3385 πάς
1195 3318 1309 3400 ιρρονῶν
1328 3306 1476 3386 άποθέξε·

383 3446 447 3486 ται.
467 3422 527 3485 Καὶ
546 3419 636 3495 αὐτὸς
657 3419 717 3511 ἐγὼ
736 3415 771 3490 ἦν
791 3419 857 3498 ότε,
877 3423 1044 3512 κρείττονος
1060 3429 1118 3485 τῶν
1130 3423 1239 3513 παθῶν
1256 3425 1310 3484 τοῦ
1328 3420 1475 3512 λογισμοῦ

383 3528 569 3623 γεγονότοςί,
588 3528 777 3608 ε’θυςωπιίθην
793 3532 829 3595 άν
844 3532 896 3601 τὴν
914 3533 1032 3622 άρετήν,
1054 3533 1106 3596 καὶ
1125 3539 1167 3617 τῷ
1186 3531 1317 3618 ἐμαυτοῦ
1337 3557 1474 3625 καταγι-

384 3830 535 3881 Herodianus
544 3831 719 3897 Epimerismis,
730 3848 756 3897 p.
767 3833 918 3882 1θῗισκαιω-
945 3832 982 3882 [ετ
993 3848 1017 3896 ρ.
1031 3833 1071 3880 91.
1087 3832 1155 3882 ldem
1169 3849 1195 3898 p.
1216 3832 1264 3882 136
1276 3852 1283 3882 ι
1298 3834 1364 3884 ἅπαν
1377 3842 1405 3885 τὸ
1419 3841 1480 3885 κατὰ

383 3920 427 3977 ρῶ,
439 3918 465 3961 τὸ
478 3921 605 3978 κακουργῶ·
619 3918 743 3977 σκαιωρία,
753 3916 767 3966 ἡ
779 3918 917 3979 κακουργία.
945 3919 984 3961 τὸν
1002 3914 1076 3961 ἀθῶον
1096 3916 1143 3962 θῶα
1156 3917 1306 3979 σκευώρημα.
1322 3911 1354 3962 Et
1366 3927 1393 3978 p.
1415 3915 1478 3962 110:

384 3990 465 4039 Malim
477 4005 531 4039 esse
542 4006 611 4039 usum
624 3988 697 4039 verbo
708 4001 838 4057 σκευωρεῖν,
851 3990 917 4054 quod
945 3997 1015 4041 τοῦτο
1030 3998 1227 4057 σκαιωρήσαντες.

385 4068 409 4117 in
419 4085 462 4118 suo
471 4068 633 4118 Demosthene
641 4068 729 4134 sepius
736 4069 837 4134 legerat.
845 4067 918 4118 Liba·
979 4069 987 4094 ¹
1000 4068 1098 4119 Schol.:
1110 4073 1266 4125 κατάστασις.

385 4147 450 4207 nius,
461 4158 479 4197 ῑ.
490 4147 531 4206 lv,
542 4164 567 4213 p.
580 4149 626 4196 583
639 4169 644 4198 :
657 4156 682 4199 τὸ
693 4150 717 4198 δὲ
727 4157 773 4199 πᾶν
783 4159 823 4206 τῆς
833 4168 919 4200 σκευω·
980 4145 989 4171 ¹
1002 4154 1047 4195 Καὶ
1060 4146 1122 4210 λίαν]
1133 4147 1223 4196 viden.
1234 4147 1259 4207 1,
1269 4163 1295 4210 p.
1307 4148 1351 4194 188
1365 4169 1372 4204 3
1386 4149 1445 4206 211,
1458 4149 1479 4196 1.

385 4233 439 4293 ρίας
454 4236 487 4292 τῷ
500 4234 589 4294 νυμρίῳ
603 4233 724 4296 τροςάψει·
739 4227 831 4289 codex,
844 4229 918 4286 3017,
980 4224 990 4250 ³
1003 4225 1100 4283 Codex,
1115 4226 1214 4274 δείκνυσί
1229 4245 1302 4282 τινας.
1321 4224 1417 4291 Scripsi
1431 4226 1481 4275 θει-

386 4311 527 4370 σκαιωρίας,
545 4321 592 4354 non
605 4305 786 4370 preferendum,
801 4305 825 4355 ni
839 4305 919 4354 fallor.
947 4310 1011 4352 κνῡσί
1021 4323 1044 4353 τ.

386 4380 491 4445 Symeon
504 4381 571 4431 Sethi
588 4384 920 4450 1ο1ικε1.ρ.86ιοκιιιωρίοιν
980 4378 1043 4451 *Ἆρ’
1057 4380 1146 4448 ἑστίας]
1162 4381 1218 4432 vide
1232 4397 1258 4448 p.
1274 4383 1337 4443 172,
1352 4397 1378 4431 n.
1397 4387 1418 4432 1.

386 4464 448 4509 κατὰ
458 4465 498 4508 σοῦ
508 4463 619 4519 τοιαύτην
628 4463 756 4529 συρράψαι.
769 4460 845 4521 Quem
858 4474 919 4509 con·
981 4461 991 4485 ⁵
1006 4461 1046 4510 Sic
1060 4460 1150 4509 codex.
