3684 5659
438 657 485 726 40
774 666 810 723 Γ.
838 663 912 724 ΤΟΥ
937 662 1193 727 ΠΑΧΥΜΕΡΟΥΣ

483 799 599 869 Ταύτην
613 798 701 888 κάγὼ
718 802 798 872 ζητῶ
816 788 944 888 σήμερον
961 797 1034 888 παρ’
1046 797 1142 886 ὑμῶν,
1161 797 1273 874 ταύτης
1290 798 1454 889 ἐξέχομαι·
1474 807 1538 871 κᾶν,
1569 806 1571 812 ’

435 908 495 998 ἐγὼ
510 908 613 985 λάθω,
631 907 685 973 οὐκ
699 907 763 994 ἐμοὶ
777 908 811 972 τό
825 904 946 999 κέρδος,
964 908 1042 974 ἀλλὰ
1058 918 1094 998 τῇ
1110 909 1194 974 πόλει
1208 909 1297 975 πόλιν
1314 912 1429 977 ε’σείται
1437 911 1458 1002 ¹,
1476 920 1530 983 καὶ

434 1017 560 1094 πολλοὺς
577 1017 647 1096 τοὺς
664 1025 716 1084 τού
732 1019 826 1083 καλοῦ
843 1019 980 1094 ζηλωτὰς
994 1016 1086 1094 ἕξετε.
1103 1023 1237 1090 Δυπήσει
1252 1024 1439 1112 στρατιώτην
1451 1027 1533 1116 φιλο-

434 1130 527 1220 σόφου
544 1130 653 1221 γέρας,
677 1132 729 1194 καὶ
747 1128 810 1193 νέον
828 1128 898 1215 τιμίι
917 1128 1071 1219 γέροντος,
1093 1133 1145 1193 καί
1171 1126 1292 1196 ἰδιώτου
1314 1130 1457 1222 ἀποόοχή
1480 1139 1530 1204 τόν

434 1239 672 1327 πολιτευόμενον.
688 1242 801 1314 Πάντες
817 1240 1064 1330 ἀναθαρρήσουσι
1081 1242 1276 1332 παραυτίκα,
1292 1245 1400 1318 πάντες
1414 1247 1530 1336 ἀντιφι-

433 1349 646 1437 λοτιμήσονται
662 1367 669 1383 ·
688 1348 816 1424 ἕκαστος
829 1345 909 1423 θήξει
922 1349 956 1413 τό
974 1346 1076 1438 ξίφος,
1092 1349 1183 1425 ἄλλος
1201 1351 1254 1421 τὴν
1269 1350 1421 1442 γλῶτταν,
1437 1353 1530 1440 όίλλος

433 1459 507 1525 όίλλο
525 1486 553 1526 τι
570 1463 794 1553 προευτρεπίσει
812 1468 865 1536 τῆς
886 1462 1005 1551 χρείας.
1026 1462 1084 1524 Καί
1103 1463 1234 1549 εύχομαι
1253 1461 1305 1549 μὲν
1323 1472 1386 1539 τοῖς
1402 1464 1529 1530 πολιού-

433 1597 501 1658 χοις
519 1575 596 1647 θεοῖς
613 1568 691 1659 μηθέ
707 1596 778 1636 ποτε
801 1570 942 1641 τοιαύτην
962 1580 1067 1661 πεῖραν
1083 1569 1163 1657 ὑμᾶς
1179 1570 1282 1637 λαθεῖν
1303 1570 1476 1667 θυςχερῶν·
1502 1582 1528 1643 εἰ

434 1677 482 1744 θὲε
494 1684 546 1746 καί
564 1682 668 1767 ποίλιν,
686 1675 737 1747 οἷα
750 1678 788 1751 δὴ
801 1683 840 1744 τόι
853 1681 1043 1770 ἀνθρώπινα,
1057 1685 1198 1767 πταῖσμα
1212 1707 1240 1745 τι
1257 1683 1380 1774 γένηται
1394 1688 1447 1750 καὶ
1465 1714 1528 1752 κα-

432 1790 514 1857 λέσοι
533 1795 656 1884 καιρός,
678 1789 740 1857 ’ίθοι
763 1817 807 1867 τις
827 1793 862 1856 όιν
884 1792 951 1855 τότε
971 1793 1023 1855 καί
1046 1791 1213 1882 πρεσόύτην
1235 1792 1440 1885 ύπερνικῶντα
1460 1809 1529 1876 ταῖς

432 1908 630 1994 προθυμίαις,
652 1908 703 1970 καί
723 1905 771 1969 τόν
789 1904 940 1990 ἀπόλεμον
957 1898 1181 1993 ἀνθριζόμενον,
1202 1908 1254 1971 καὶ
1276 1903 1361 1971 οὐδὲν
1379 1913 1532 2001 καθυπερ-

434 2018 551 2103 τερήσει
566 2011 675 2098 θεινόν,
696 2013 749 2079 σὺν
766 2016 823 2100 θεῷ
840 2009 947 2105 leym,
967 2021 1020 2087 τῆς
1036 2013 1163 2090 πόλεως.

432 2260 488 2302 σαν,
510 2239 577 2305 quod
598 2239 723 2305 corrigere
747 2239 853 2290 volebat.
881 2239 967 2291 Codex
994 2255 1053 2291 cura
1065 2251 1280 2306 repraesentantes,
1294 2243 1339 2292 sed
1352 2259 1406 2309 qum
1418 2243 1529 2308 plerum-

430 2318 494 2368 bene
510 2321 630 2375 εἰςιοῡσαν.
650 2319 678 2368 ln
694 2318 794 2368 oraculo
809 2334 859 2367 non
870 2319 967 2382 integro
994 2335 1041 2384 que
1053 2335 1169 2370 successu
1186 2331 1262 2370 caret.
1279 2322 1307 2371 ln
1318 2321 1451 2387 Nicephori
1464 2323 1529 2373 Gre-

429 2395 505 2446 Anth.
523 2399 568 2456 λλ,
583 2398 638 2457 149,
653 2396 753 2462 jubetur
765 2397 806 2462 qui
817 2397 890 2447 deum
905 2411 968 2446 con·
995 2414 1059 2461 gerse
1084 2398 1208 2449 Florentio
1232 2399 1310 2449 editor
1331 2400 1528 2452 accuratissimus

430 2475 526 2525 solebat
538 2468 688 2527 Timocrates
702 2475 833 2525 includere
849 2476 908 2542 pelli
921 2490 968 2525 ca·
994 2476 1134 2541 compendii
1148 2477 1250 2526 formam
1260 2477 1319 2527 satis
1330 2477 1408 2528 nitide
1418 2478 1528 2529 exhibuit

430 2569 481 2617 proe
503 2552 636 2623 Ἑρπηστόιν
660 2558 835 2618 πολύπλαγκτον
857 2557 967 2624 ἐύρρήνου
993 2572 1035 2619 pp.
1051 2557 1189 2616 503‚533,
1204 2557 1266 2614 534,
1281 2557 1347 2621 quod
1361 2556 1528 2620 explicatad-
1605 2595 1612 2608 .

430 2637 477 2684 ἀπὸ
490 2639 578 2703 κόρσης.
596 2634 736 2684 Αλνοιιιιλιιιιι
753 2634 849 2684 videtur
867 2633 966 2698 epitbe-
992 2633 1083 2698 scripto
1098 2640 1194 2697 γνώμη,
1205 2650 1279 2698 quum
1294 2636 1424 2684 manifesto
1436 2636 1468 2684 sit
1479 2637 1527 2686 ad-

429 2719 479 2761 tum
500 2714 618 2780 ἐυρῥήνσυ.
638 2712 750 2774 Legerim
771 2713 884 2778 ἐϋῤῥίνου.
902 2710 965 2758 Vide
991 2709 1147 2759 scribendum
1163 2718 1287 2775 γνωμικὸν.
1299 2713 1436 2764 Peeearunt
1447 2724 1472 2763 et
1485 2713 1527 2764 alii

429 2789 549 2839 scholium
562 2789 594 2838 ab
609 2789 705 2837 editore
719 2788 786 2837 doct.
798 2803 812 2836 e
824 2787 909 2838 codiee
920 2788 965 2836 ad·
991 2786 1091 2849 pariter.
1114 2785 1176 2835 Vide
1198 2803 1225 2836 ιι.
1248 2789 1279 2837 ad
1300 2790 1410 2838 Nicetam
1429 2791 1526 2856 Eugen.

429 2866 520 2928 ditum,
540 2866 584 2915 sed
599 2881 648 2915 non
662 2866 686 2914 in
706 2863 818 2914 omnibus
840 2864 903 2913 bene
924 2865 964 2913 le-
990 2865 1071 2924 pet.
1087 2862 1207 2926 Gregoras
1220 2882 1304 2915 rursus
1318 2883 1343 2929 p.
1365 2869 1432 2915 502:
1448 2875 1526 2921 Πάλαι

428 2954 502 2993 ctum.
517 2944 618 3008 (lentigo
631 2965 636 2992 ι
651 2950 733 2994 τοῦτον
744 2950 782 2993 τὸν
794 2950 899 3009 χρησμὸν
911 2943 964 2990 διε·
989 2945 1031 3001 μὲν
1043 2945 1057 2994 ἡ
1074 2948 1193 3007 παροιμία
1204 2946 1293 3005 γλαῦκα
1313 2947 1345 3000 εἰς
1359 2939 1448 3001 Ἀθηνᾶς
1464 2949 1528 3015 ἔρα-

427 3029 510 3091 σοίρισε
522 3024 551 3085 (f.
565 3021 697 3090 διεσάφησε)
708 3026 852 3085 Θεόγνωοτος
861 3025 872 3071 ό
881 3027 962 3083 Δημο-
989 3037 1050 3076 σκεν,
1061 3020 1085 3066 εί
1094 3039 1130 3075 τις
1143 3015 1246 3081 Ἀθήναζε
1256 3025 1335 3084 λόγους
1347 3028 1412 3080 τινὰς
1428 3031 1468 3074 καὶ
1482 3047 1526 3077 σο·

427 3110 528 3170 κρίτειος
543 3098 583 3159 [ιη’
599 3103 649 3158 ἔτος
664 3104 762 3150 ἐλαύνων
779 3096 860 3154 οὕτως·
876 3109 921 3148 τῶν
940 3101 962 3146 ἐν
989 3103 1043 3164 ρίαν
1063 3105 1144 3154 καινὴν
1167 3100 1327 3166 ἐριλοτιμείτο
1347 3109 1466 3165 κομίζειν,
1484 3113 1524 3155 καὶ

427 3188 475 3236 τοῖς
487 3187 605 3243 ποιμνίοις
616 3181 689 3242 αἰγῶν
704 3186 804 3246 ρυσικῶς
814 3176 891 3238 ἔγκυος
900 3182 963 3237 γίνε-
989 3175 1068 3241 πόρρω
1077 3181 1118 3223 τοῦ
1127 3180 1179 3233 Διός
1189 3184 1264 3226 τεκαὶ
1275 3190 1389 3246 κεραυνῶν
1399 3185 1410 3230 ό
1419 3189 1525 3242 τοιοῦτος

427 3279 468 3309 ται
487 3246 608 3326 ἡικεραλὴ
628 3263 690 3307 κατὰ
712 3264 754 3312 τὴν
775 3261 816 3305 τού
837 3256 962 3321 ἐνκερνίλου
988 3253 1116 3303 ἀπεωθεῖτο
1128 3254 1187 3311 όςτις
1203 3262 1261 3304 ποτὲ
1279 3257 1316 3313 ἦν.
1331 3258 1422 3323 Scripsi
1436 3280 1525 3328 κεραυ-

426 3344 495 3406 βοίσιν
509 3341 598 3387 πολλῶν
614 3339 744 3391 σκωλήκων·
763 3337 910 3401 ἐπερχομένῳ
923 3329 961 3382 οὖν
989 3342 1031 3381 νῶν
1043 3347 1057 3380 e
1069 3331 1155 3382 codice
1167 3333 1286 3383 Parisino.
1298 3336 1381 3385 Maluit
1391 3337 1471 3388 edilor
1481 3355 1524 3388 ex-

425 3417 477 3481 (ed.
491 3418 523 3468 δέ·
537 3416 580 3466 sed
596 3415 674 3465 codex
693 3414 747 3478 ipse
767 3423 791 3462 et
806 3413 880 3471 alius,
898 3410 961 3477 τούν)
988 3410 1072 3460 hibere
1086 3410 1257 3475 compendium
1276 3413 1329 3463 libri
1343 3416 1394 3475 sui,
1407 3415 1473 3480 quod
1486 3417 1524 3466 le-

426 3506 530 3565 πταρμῷ
544 3506 577 3564 τῷ
594 3502 645 3562 ζῴῳ
665 3495 806 3542 ἐπάλλονται
827 3489 871 3555 (sie
891 3490 960 3551 cod„
988 3501 1079 3540 ctorem
1090 3491 1154 3540 male
1167 3491 1277 3555 impedit.

424 3589 474 3624 non
486 3576 691 3631 ecolismensis,
705 3571 773 3636 quod
783 3569 872 3618 vidisse
886 3579 960 3634 puta·
1022 3568 1030 3595 ¹
1042 3569 1073 3617 Et
1087 3568 1128 3618 hie
1141 3569 1171 3618 ab
1188 3570 1287 3636 antiqua
1300 3570 1423 3620 scribendi
1438 3587 1523 3623 nonna

424 3652 458 3700 vit
471 3667 494 3701 ν,
507 3652 543 3711 d.‚
555 3651 678 3714 corrigens
690 3653 885 3699 ἀπαλλάττονται
896 3646 961 3709 (πολ-
988 3647 1098 3712 sophista
1116 3647 1220 3696 recedit.
1235 3648 1318 3697 Futuri
1337 3648 1416 3698 forma
1434 3652 1523 3700 ἐσεῖται

423 3731 459 3777 λοί
472 3729 496 3776 ἐκ
509 3737 555 3777 τών
563 3726 683 3795 ῥωθώνων)
695 3727 731 3776 sie
742 3725 810 3787 cod,
820 3741 869 3775 non
879 3727 960 3794 ρωθών
987 3741 1037 3774 non
1046 3724 1122 3774 semel
1131 3741 1188 3773 usus
1199 3735 1251 3784 est;
1262 3743 1320 3775 usus
1331 3736 1403 3776 estet
1413 3728 1523 3793 legitima

424 3806 489 3870 quod
509 3807 556 3856 fert
579 3805 663 3869 editio)
682 3817 723 3862 τῆς
745 3808 812 3869 αἰνὸς
831 3807 958 3860 σκώληκες,
987 3803 1062 3852 ἔσται.
1084 3802 1216 3852 Deforme
1238 3805 1326 3854 ἐσεῖται
1344 3806 1457 3869 superius
1471 3807 1523 3871 jam

423 3905 446 3934 κ.
459 3906 484 3936 τ.
497 3888 518 3935 λ.
532 3885 563 3933 Et
573 3884 714 3934 adverbium
727 3893 824 3953 ρνσικώς
838 3898 887 3931 non
902 3883 959 3931 totis
986 3880 1069 3931 monui
1080 3897 1107 3944 p.
1124 3883 1162 3927 17.
1278 3878 1284 3887 '

422 3963 510 4014 littoris
528 3963 638 4013 exhibuit
651 3962 739 4024 editor,
753 3963 797 4011 sed
809 3961 899 4011 infelici
918 3977 959 4010 eo·
1021 3958 1137 4008 'Schola
1150 3961 1279 4023 ἀντίληψις.
1472 4023 1475 4028 ,

422 4042 520 4092 nonime
537 4043 614 4106 ipsam
629 4040 784 4105 compendii,
801 4038 866 4105 quod
879 4050 915 4088 est
934 4038 957 4089 in
1020 4037 1029 4063 ³
1042 4045 1083 4088 Σὺν
1096 4043 1138 4105 θεῷ
1151 4037 1218 4101 λέγω]
1231 4037 1348 4103 exemplis
1360 4036 1412 4102 ejus
1423 4038 1521 4089 dicendi

423 4119 524 4181 codice,
536 4120 639 4169 formam
649 4119 764 4169 exhibere
775 4120 821 4169 sibi
834 4119 898 4168 visus
910 4127 957 4167 est.
986 4117 1103 4177 formulae,
1114 4133 1166 4182 quae
1176 4117 1278 4182 apposui
1293 4133 1319 4181 p.
1331 4119 1361 4175 2,
1375 4132 1399 4165 n.
1414 4119 1443 4177 3,
1457 4118 1521 4168 addo

422 4198 560 4263 Saepissime
574 4214 638 4249 nuuc
653 4210 757 4264 peceant
770 4199 876 4248 editores
887 4196 957 4247 codi-
986 4195 1148 4257 Aristideum,
1161 4196 1202 4245 Or.
1216 4196 1256 4252 51,
1269 4212 1296 4260 p.
1312 4197 1376 4244 578:
1390 4201 1430 4245 καί
1445 4203 1520 4247 ταῦτα

422 4293 477 4326 eum
490 4292 567 4326 nexus
585 4289 610 4327 et
627 4278 785 4343 compendia,
801 4293 878 4343 eaque
891 4293 958 4326 non·
986 4274 1025 4325 οὐκ
1041 4276 1118 4341 ἐνδείᾳ
1135 4276 1218 4333 δόξης·
1238 4279 1277 4324 σὺν
1298 4281 1343 4342 γὰρ
1359 4280 1418 4333 θεοῖς
1435 4279 1518 4334 εἰπεῖν,

422 4370 544 4419 nunquam
554 4355 683 4418 facillima,
694 4355 847 4420 diligentiore
858 4354 956 4420 quidem
985 4358 1088 4411 τοσαύτη
1098 4360 1236 4420 γεγένηται,
1248 4355 1343 4412 cisae...
