3684 5659
423 627 468 696 l8
757 635 791 691 Γ.
820 632 894 692 ΤΟΥ
919 628 1175 691 ΠΑΧΥΜΕΡΟΥΣ

420 765 521 854 ψυχῆς
539 767 725 856 συκοφάντου
743 760 941 856 δεινότερονίξ
962 768 1027 852 ἔχις
1047 769 1186 853 ἄντικρυς
1200 758 1319 826 δάκνων
1333 756 1352 833 ti
1368 763 1511 854 γλῶττα·

419 879 476 942 κᾶν
494 879 605 966 άπείπη
622 877 728 964 μόλις,
751 879 888 968 ἀρκεῖται
906 883 949 961 τῷ
969 870 1103 965 δήγματι
1126 876 1178 938 καί
1200 875 1251 938 τὸν
1273 875 1316 938 ίὸν
1337 876 1442 965 ἀφίησι
1463 877 1514 940 νέ-

420 1094 527 1188 οῖνδρες
545 1094 680 1185 δημόται
699 1098 751 1162 καὶ
768 1098 951 1188 συνερασταί
966 1101 1020 1161 τοῦ
1035 1094 1145 1160 καλοῦ.

467 1190 576 1295 ipsi?
588 1207 641 1297 μἐν
655 1201 718 1295 οίιν,
735 1207 811 1284 τινἐς
824 1205 854 1283 ἐξ
868 1203 929 1272 ἔτι8
941 1233 977 1296 με
991 1209 1097 1278 νηπίου
1115 1205 1277 1298 ἐθρέψατε,
1293 1207 1380 1274 ἄλλοι
1393 1204 1428 1273 δὲ
1440 1213 1514 1275 κάπὶ

419 1320 582 1407 πολεμικῆς
608 1316 807 1413 παρατάξεως
830 1321 869 1383 τά
898 1315 1014 1384 δυνατά
1044 1333 1094 1405 μὀι
1122 1315 1311 1408 σύνῄρασθε,
1340 1322 1393 1385 καί
1422 1317 1515 1414 ἕτεροι

422 1430 563 1520 μετέχετέ
582 1457 632 1518 μοι
655 1426 771 1514 βουλῶν
791 1439 850 1495 τῶν
870 1428 942 1521 ὑπὲρ
966 1438 1019 1504 τῆς
1038 1429 1167 1503 πόλεως.
1193 1406 1234 1491 lu
1250 1430 1315 1520 περὶ
1333 1435 1385 1493 τοῖν
1403 1431 1516 1520 πατρὸς

423 1549 495 1607 είπω
513 1544 689 1607 Ξανθίππου
712 1543 752 1617 ὡς
773 1537 934 1629 δημοτικὸς
958 1543 1004 1605 aiei
1029 1542 1081 1605 καί
1109 1536 1294 1630 φιλόπολιςί,
1315 1541 1349 1604 οὐ
1370 1542 1422 1616 τῆς
1443 1539 1517 1618 ἔξω·

424 1655 471 1716 θεν
488 1654 654 1745 μαρτυρίας
672 1648 820 1739 δεήσομαι
837 1669 845 1684 ·
867 1652 904 1716 διν
920 1653 985 1742 περί
1002 1659 1060 1715 τῶν
1078 1650 1155 1738 ἐμῶν
1175 1660 1347 1741 συγγενῶν,
1366 1650 1452 1740 ὑμεῖς
1469 1659 1517 1718 οί-

424 1758 518 1828 δατε·
544 1763 580 1826 ἂν
599 1765 664 1856 περί
683 1770 736 1838 τῆς
754 1762 825 1850 ε’μῆς
844 1764 975 1853 ἀρχῆθεν
993 1763 1201 1853 ἀναστροφῆς,
1222 1761 1257 1824 οὐ
1271 1757 1356 1826 τόνδε
1372 1762 1392 1832 ἢ
1407 1758 1514 1838 τόνδε,

424 1873 503 1938 ἀλλὰ
524 1877 640 1948 πάντας
666 1875 740 1960 ὁμοῦ
762 1876 1000 1965 παραστήσομαι
1024 1875 1192 1983 μάρτυρας.
1220 1868 1441 1964 Αναξαγόροις“
1465 1899 1515 1961 μοι

424 1987 608 2074 μαρτυρήσει
625 1984 739 2071 μοῖλλον
754 1985 806 2048 καὶ
827 1986 845 2055 ῆ
869 1983 981 2048 ἐκείνου
1003 1979 1115 2071 σχολῆ.
1136 1987 1259 2058 Εκεῖνος
1274 1991 1328 2056 τῆς
1344 1982 1416 2069 ε’μῆς
1433 1982 1463 2060 ἐς
1482 1985 1516 2049 τὸ
1614 2036 1617 2042 .

425 2092 548 2186 οίκριὸὲς
561 2093 675 2184 ἐφίκετο
691 2093 911 2186 προαιρέσεως,
929 2097 996 2180 καί,
1011 2093 1128 2184 μέτριον
1144 2095 1249 2181 μαθὼν
1262 2095 1313 2158 καί
1329 2097 1514 2180 κοινωνικόν,

423 2213 487 2280 τοῖς
509 2203 773 2296 μετεωρολογικοῖς
796 2203 989 2296 ε’νεγόμναζεν
1004 2200 1027 2267 ⁶.
1048 2207 1085 2268 Εἰ
1108 2205 1164 2279 τὰς
1180 2200 1303 2295 πράξεις
1324 2203 1441 2295 λέγοιμι
1461 2209 1516 2283 τὰς

426 2314 500 2403 ἑμόις
515 2319 567 2381 καί
585 2314 654 2391 τοὺς
670 2318 778 2393 πόνους
793 2315 844 2394 οίις
859 2317 943 2389 ἔτλην
959 2326 1012 2392 τῆς
1027 2316 1141 2392 πόλεως
1158 2319 1389 2408 προϊστάμενος,
1405 2319 1458 2382 καί
1477 2319 1517 2394 ὡς

425 2431 588 2519 χρημάτων
607 2424 760 2518 διαφανῶς
783 2425 977 2521 ἀδωρότατος
998 2428 1178 2519 γενόμενος,
1199 2425 1357 2517 ἐλευθέρως
1374 2436 1517 2517 κατεῖχον
1595 2460 1596 2463 “

424 2539 458 2603 τὸ
475 2539 586 2615 πλῆθος
597 2537 619 2624 ⁷,
637 2540 671 2604 τὸ
689 2539 801 2616 πλῆθος
816 2541 898 2606 άπαν
915 2567 966 2628 μοι
980 2541 1181 2631 μαρτυρῆσαι
1195 2541 1231 2601 Et
1250 2533 1351 2602 δὲκαὶ
1369 2538 1443 2628 πρὸς
1460 2539 1516 2628 όρ-

425 2651 481 2741 γῆν
498 2653 635 2716 ἀντεῖπον
651 2651 796 2727 πολλάκις
813 2653 903 2737 τισίν,
926 2650 960 2714 οὺ
979 2646 1191 2736 δυςμεναίνων,
1209 2648 1275 2714 ἀλλ’
1293 2648 1413 2733 εὐνοῶν,
1433 2645 1516 2742 θόρει

353 2749 356 2756 ’
426 2758 612 2851 θαρσοῦντας
631 2760 676 2825 ε’πῖ
694 2763 727 2825 τὸ
745 2760 904 2851 φοθεῖσθαι
916 2760 1139 2838 κατέπλησσον,
1155 2762 1207 2823 καί
1223 2756 1313 2830 δῆλον
1331 2760 1376 2825 ὅτι
1395 2762 1447 2824 καί
1467 2755 1518 2824 δε-

426 2865 531 2944 διότας
545 2871 664 2961 ἀλόγως
675 2871 764 2936 πάλιν
778 2869 857 2958 ὑμᾶς
870 2871 1088 2934 άντικαθίστων
1108 2868 1154 2933 ε’πί
1173 2876 1216 2954 τῷ
1229 2866 1381 2958 θαρσεῖνῧ.

474 2971 533 3045 Καὶ
550 2980 635 3068 ὑμεῖς
652 2980 704 3069 μὲν
721 2986 819 3046 ταῦτα
837 2976 998 3046 συνοίδατέ
1014 3005 1086 3066 μοι,
1102 2981 1154 3043 καί
1174 2978 1219 3043 ε’πί
1239 2984 1346 3070 καιροῦ
1365 2984 1519 3073 μαρτυρῆ-

426 3111 521 3155 σατε·
548 3091 607 3182 ἐγὼ
627 3088 679 3176 δέ,
702 3093 752 3156 τὸν
775 3093 887 3162 συνῆθη
907 3115 957 3177 μοι
981 3089 1102 3180 τρόπον,
1125 3088 1238 3176 μᾶλλον
1259 3085 1348 3181 ὑπὲρ9
1369 3090 1439 3167 τοὺς
1463 3091 1517 3157 λό.

426 3225 498 3291 γους
521 3200 731 3292 προθαλοῡμαι
753 3204 793 3267 τόι
814 3205 910 3293 ἔργα,
930 3202 987 3292 άγε
1009 3200 1055 3265 ε’πί
1075 3206 1129 3265 τοῦ
1150 3197 1220 3285 βίον
1240 3206 1293 3265 τοῦ
1313 3201 1383 3266 καθ’
1404 3204 1519 3296 ἡμέραν

903 3316 925 3335 Η

427 3307 655 3400 ε’πεδεικνύμην,
681 3323 734 3391 τῆς
757 3314 829 3402 ἐμῆς
851 3315 1050 3404 παρρησίας,
1078 3313 1124 3388 ὡς
1147 3311 1238 3389 αὐτὸς
1264 3309 1514 3405 διῖσχυρίζομοιι,

460 3516 468 3541 ¹
481 3516 552 3567 Coul.
567 3517 750 3568 declamationis
762 3519 857 3569 initium
867 3518 899 3568 de
912 3534 958 3584 sy·
986 3522 1011 3580 1,
1025 3520 1066 3578 tt,
1087 3535 1112 3584 p.
1123 3521 1163 3569 -76
1179 3539 1185 3568 z
1197 3525 1302 3583 κάγκανα
1316 3523 1373 3580 ξύλα
1386 3524 1519 3586 ἑτοιμασά-

427 3595 558 3658 oophauta.
984 3617 1061 3661 μενος.
1082 3597 1207 3648 Glossator
1226 3598 1258 3647 ad
1280 3605 1384 3665 κάγκανα
1404 3599 1519 3664 adposuit

377 3701 380 3708 ·
460 3671 576 3722 ’Schola
592 3676 706 3738 ἐπίλογος.
984 3680 1051 3743 ξυρά.
1077 3675 1164 3726 Debuit
1191 3677 1300 3726 scribere
1325 3683 1395 3744 ξηροί.
1426 3679 1518 3730 Rursus

460 3750 554 3807 ³Cod.,
569 3755 685 3811 ἐξέτινον
700 3768 769 3804 voce.
984 3753 1046 3802 Hist.
1064 3753 1139 3803 illich.
1157 3753 1255 3803 Palaeol.
1276 3758 1306 3812 6,
1325 3758 1370 3817 21,
1393 3773 1419 3820 p.
1447 3757 1516 3807 tta:

415 3866 417 3870 Α
461 3827 516 3877 ‘De
528 3830 668 3897 Xanthippo
681 3833 744 3881 Plut.
757 3833 811 3882 Per.
828 3833 851 3881 3.
984 3837 1107 3898 καγκάνοις
1126 3835 1335 3899 προςλιπαροῡντες
1353 3843 1402 3889 τοῖς
1419 3837 1518 3897 χείλεσι.

461 3907 526 3969 lQui
541 3908 586 3957 fuit
596 3909 696 3959 Periclis
708 3911 832 3975 magister.
984 3911 1060 3960 Recte
1078 3909 1208 3974 glossator,
1227 3916 1314 3977 ξηροῖς.
1332 3908 1416 3976 Obiter
1429 3911 1519 3963 addam

465 3985 546 4036 ‘'Plut.
559 3987 612 4036 Per.
626 3990 650 4036 5.
984 3988 1130 4054 Hesychiaui
1154 3988 1237 4037 Lexici
1261 3989 1379 4051 glossam,
1405 3995 1520 4052 κάγκανον

461 4065 601 4116 ἾλῖκΤίιιιο.
615 4068 645 4126 θ,
658 4067 698 4116 65.
985 4064 1039 4124 ὕλην
1054 4065 1206 4116 referendam
1225 4082 1280 4117 esse
1295 4065 1371 4116 videri
1387 4067 1419 4117 ad
1437 4069 1519 4120 locum

462 4143 554 4208 ⁸Cod.,
564 4150 733 4207 κατέπληττον,
745 4146 911 4210 superscripto
922 4165 960 4196 σο.
986 4145 1095 4209 Gregorii
1104 4144 1162 4193 Naz.
1175 4155 1192 4193 t.
1203 4144 1239 4204 ll,
1254 4162 1281 4210 p.
1295 4147 1340 4195 tta
1355 4154 1412 4197 ικαὶ
1422 4152 1453 4206 ὡς
1461 4155 1519 4217 πυρὶ

428 4221 551 4272 Ctl'huc.
569 4226 602 4283 Q,
617 4226 658 4273 65.
986 4229 1098 4286 κάγκανον
1118 4221 1171 4279 ὕλην
1192 4226 1346 4275 θάλλοντ’.,..
1370 4226 1418 4275 Sed
1441 4227 1520 4291 potuit

461 4297 522 4349 οδῖε
532 4301 619 4351 codex.
634 4300 712 4352 Velim
723 4302 806 4366 legere
818 4307 887 4370 ἢπερ.
898 4304 962 4351 Per·
985 4302 1116 4366 Gregorius
1155 4301 1319 4353 Nazianzenus
1358 4306 1520 4373 antiquiorem

427 4387 550 4427 mutantur
564 4388 667 4442 propter
682 4381 735 4429 soni
753 4380 900 4442 parilitatem
917 4395 961 4429 ro-
985 4390 1082 4444 poetam
1110 4379 1257 4445 compilare,
1286 4399 1358 4450 quem
1384 4385 1521 4450 respexerit

428 4457 492 4506 cales
506 4478 520 4513 η
535 4475 556 4506 υ.
569 4455 731 4519 Pachymeres
743 4457 806 4506 Hist.
819 4456 896 4506 Andr.
905 4456 957 4506 Pal.
984 4457 1180 4522 lexicographus.
