3684 5659
391 788 688 888 rnnrrrot
716 798 830 913 ror
859 788 1248 886 ntxmnrom
1319 755 1321 759 ’

597 1045 1066 1194 ΜΕΛΕΤΑΓ.

526 1344 1139 1353 --·-——--—————-——---——--——--

671 1503 907 1591 ΜΕΛΕΤΗ
920 1500 991 1591 ''A'.

235 1702 236 1756 j
284 1717 404 1773 Σκηπτοῦ
423 1713 645 1784 κατενεχθέντος,
660 1709 782 1786 εὕρηνται
796 1710 885 1783 χίλιαι
898 1711 1044 1767 πανοπλίαι
1066 1712 1092 1766 ἐν
1112 1721 1144 1787 τῇ
1167 1720 1214 1767 τοῦ
1232 1712 1380 1791 Περικλέους

235 1798 237 1891 l
326 1808 417 1880 οἰκίορ,
431 1811 477 1860 καί
495 1811 612 1882 κρίνεται
635 1801 788 1881 τυραννίδος
803 1806 969 1871 ἐπιθέσεωςέ.
986 1807 1140 1883 Μελετὼμεν
1158 1813 1203 1862 τὸν
1222 1807 1377 1884 γεύγοντῶ,

235 1904 238 1998 γ
325 1901 352 1966 ὃς
364 1907 410 1957 καί
420 1905 453 1964 ὡς
467 1906 617 1978 στρατηγὸς
627 1900 694 1975 λέγει
706 1905 752 1954 καί
764 1904 796 1964 ὡς
806 1903 894 1980 ῥήτωρ
912 1898 1123 1982 διῐσχυρίζεται.

236 2002 238 2048 l

333 2087 460 2175 Οὐδέν3,
488 2091 529 2165 ὥς
555 2093 668 2176 ἔοικεν,
696 2092 775 2154 ἔστιν
799 2087 908 2183 ἀνδρὸς
933 2086 1126 2186 συκοφάνται
1143 2090 1335 2188 βαρύτερον”·
1363 2095 1379 2158 ὁ

285 2205 344 2295 γὰρ
363 2201 552 2294 στρατιώτῃ,
578 2203 630 2266 καὶ
654 2206 752 2267 ταῦτα
774 2202 845 2268 καθ’
868 2203 998 2277 ἑκάστην
1012 2205 1161 2293 πολέμοις
1178 2202 1378 2293 ἐξεταζομένῳ

316 2442 328 2463 “
338 2443 437 2492 Plenior
449 2441 473 2490 ln
489 2441 574 2490 codice
588 2441 688 2490 titulus:
704 2447 820 2510 Γεωργίου
846 2453 898 2493 tere
917 2446 955 2501 ἐν,
974 2461 1017 2500 ac,
1035 2461 1108 2511 quum
1128 2445 1202 2494 luerit
1222 2448 1377 2513 Δικαιογὺλαξ

283 2524 465 2590 Δικαιογὺλακος
473 2525 513 2569 καί
523 2521 681 2588 Πρωτεκδίκιυ
689 2528 730 2570 τοῦ
738 2527 819 2584 ssago·
845 2521 909 2572 inter
930 2522 1008 2572 officia
1025 2523 1123 2587 palatii,
1141 2538 1190 2571 non
1209 2522 1379 2573 maledicitur

285 2600 371 2667 μέρους
387 2602 491 2649 Μελέται
507 2601 540 2654 εἷς
561 2605 592 2647 τὰ
613 2605 819 2665 προγυμνάσματα
846 2603 980 2670 ἀνακτόρων
1006 2605 1040 2659 εἰς
1067 2604 1254 2669 Δικαιογὺλακα,
1280 2600 1378 2650 duriore

284 2685 324 2727 καὶ
342 2681 376 2734 εἰς
389 2683 432 2733 τὰς
445 2682 547 2734 στάσεις.
562 2675 604 2726 Εοῑ
615 2676 639 2726 in
651 2677 737 2729 codice
748 2700 762 2734 η
774 2694 818 2726 su·
846 2686 927 2728 tamen
938 2680 1086 2729 inversione.
1098 2679 1195 2741 Philas,
1205 2694 1279 2744 quem
1289 2694 1379 2744 anony-

283 2771 329 2821 ρετ
340 2753 434 2820 syllaba
445 2773 498 2822 ρους
507 2755 638 2819 scriptum,
650 2766 676 2805 ut
685 2755 727 2805 liat
735 2762 818 2820 Παχν-
844 2774 910 2807 mum
919 2758 1033 2823 allegavit
1046 2758 1165 2822 (langius,
1175 2757 1282 2807 carmine
1295 2757 1327 2807 de
1336 2757 1379 2807 Oi-

283 2840 359 2901 μέρη,
371 2850 425 2898 (γοα
438 2833 543 2883 nominis
558 2833 636 2883 forma
646 2844 683 2882 est
694 2836 818 2883 recentio-
844 2836 919 2895 liciis,
940 2853 963 2887 ν.
987 2840 1031 2887 126
1050 2857 1056 2886 :
1074 2841 1243 2905 Δικαιορὺλσιξ,
1257 2842 1296 2886 σὺν
1314 2837 1378 2904 αὐτῷ

283 2914 318 2963 ris
349 2913 448 2976 lingue.
474 2911 529 2977 lpse
559 2906 720 2962 Historiarum
750 2913 818 2963 initio
843 2919 993 2984 Νορορὺλαξ.
1008 2916 1051 2966 Est
1063 2917 1135 2966 etiam
1146 2917 1171 2964 in
1186 2915 1272 2965 codice
1285 2917 1378 2968 ἅλλοθιν

284 2991 415 3056 dignitates
423 2994 604 3059 Δικαιογὺλακος
612 3000 636 3039 et
646 2993 816 3058 Πρωτεκδίκου,
844 3010 890 3058 pro
902 2995 996 3044 ἄνωθεν.

284 3069 415 3136 dequibus
429 3069 484 3118 vide
496 3068 817 3134 CangtiGlossarium‚suas
878 3072 886 3099 ¹
901 3072 1005 3122 Primam
1023 3071 1226 3123 declamationem
1243 3086 1291 3138 qua
1306 3071 1378 3121 Peri-

283 3148 426 3198 memoravit
436 3154 562 3216 ιΓεώργιος
571 3153 817 3200 Κωνσταντννοντεολί-
845 3151 895 3201 cles
908 3151 1026 3200 affectate
1039 3150 1174 3216 tyrannidis
1185 3151 1277 3201 crimen
1289 3150 1378 3200 refutat

282 3246 325 3283 της
344 3232 388 3290 μὲν
410 3233 437 3275 τὸ
456 3228 574 3285 ἀνέκαθεν,
591 3229 614 3276 ἐν
629 3233 718 3293 Νικαίᾳ
736 3229 817 3278 δὲκαὶ
842 3228 892 3294 jam
904 3229 970 3279 edidi
980 3240 1006 3280 nt
1016 3229 1141 3296 specimen
1156 3230 1180 3278 in
1194 3229 1279 3294 quinto
1292 3230 1378 3279 Aneo-

284 3309 399 3369 γεννηθείς
416 3292 455 3353 καί
474 3312 584 3373 τραφείς,
603 3306 625 3354 ἐν
640 3311 817 3356 Κωνσταντίνου
844 3308 957 3360 dotorum
985 3307 1124 3358 Graecorum
1149 3308 1285 3365 volumine3
1311 3307 1377 3356 unde

282 3385 309 3435 δὲ
321 3390 440 3440 καταστὰς
454 3380 532 3442 αὖθις,
544 3384 584 3434 ὅτε
597 3387 648 3434 θεοῦ
659 3387 757 3448 νεύματι
772 3385 816 3436 ὑπὸ
843 3399 956 3452 repetere
973 3403 1037 3437 nunc
1049 3386 1126 3436 visum
1140 3395 1191 3449 est,
1211 3396 1237 3435 et
1256 3385 1377 3435 emenda-

283 3459 406 3527 Ῥωμαίων
425 3465 512 3527 ἐγένετο
520 3500 526 3521 ,
552 3463 594 3518 ἔτη
614 3469 711 3526 γεγονὼς
731 3464 817 3515 εἴκοσιν
843 3466 946 3524 tierent,
963 3466 1004 3531 qul
1022 3475 1098 3514 tntum
1110 3463 1314 3513 declamationum
1330 3462 1376 3512 Pa·

282 3545 330 3598 ἑνὸς
345 3543 451 3600 δέοντος,
465 3542 575 3598 τηνικάδε
590 3547 630 3589 καί
645 3545 721 3606 κλήρῳ
737 3547 818 3600 σωθεὶς
843 3545 1022 3611 chymerlarum
1042 3559 1132 3609 cerpus
1155 3557 1204 3592 uno
1224 3551 1377 3608 syntagmate

282 3624 336 3688 θείῳ
350 3627 391 3670 καὶ
407 3622 539 3685 ἀξιώμασιν
553 3621 748 3678 ἓκκλησιαστικοῖς
759 3621 817 3671 δια·
842 3612 1031 3689 complecterei‘.
1053 3621 1085 3672 Ut
1102 3623 1194 3680 oratio,
1209 3621 1244 3670 sic
1259 3631 1283 3670 et
1297 3621 1377 3671 histo-

282 3705 423 3765 spelierunt
436 3701 478 3757 ἕως
492 3706 533 3748 καὶ
548 3701 569 3756 ἐς
580 3701 741 3768 Πρωτσκδίκου
753 3705 816 3770 ρθά-
842 3703 904 3753 riola
913 3703 970 3753 ficta
980 3712 1025 3751 est.
1035 3701 1126 3751 Saltem
1138 3700 1169 3750 de
1177 3699 1271 3750 Pericle
1283 3700 1317 3749 nil
1329 3699 1376 3750 tale

282 3798 324 3835 σας
339 3785 421 3843 τιμήν,
440 3778 476 3828 ἔτι
495 3779 520 3827 δὲ
536 3785 577 3828 καί
594 3781 616 3828 ἐν
634 3781 767 3847 ἀνακτόρων
783 3783 816 3838 είς
842 3782 945 3830 nuncin
956 3781 1119 3830 monumentis
1129 3779 1266 3829 litterarum
1279 3794 1377 3829 memo-

281 3860 455 3925 Δικαιορίνλακα
464 3861 586 3921 τιμηθείς,
595 3859 652 3907 τάδε
666 3862 816 3927 ξυνέγραψεν,
841 3860 884 3910 riae
900 3861 1024 3926 proditum
1037 3869 1083 3909 est.

281 3935 308 3986 οὒ
325 3940 405 3999 λόγους
423 3939 499 3985 luens
517 3936 603 3986 ἄνωθεν
625 3938 814 4004 ἀμαρτύρους...
876 3936 1236 3988 'Formulamdeclamatorum
1243 3940 1375 3998 μελετῶμεν

282 4015 341 4077 Quae
355 4014 475 4079 descripsi
486 4015 610 4079 longiora,
621 4017 756 4065 moniturus
766 4032 815 4066 co·
842 4017 910 4082 attigi
921 4015 952 4066 ad
966 4017 1120 4072 Choricinm.
1135 4030 1162 4079 p.
1178 4014 1236 4063 206.
1251 4011 1375 4061 scholium

281 4094 363 4144 dicem
373 4095 434 4141 1723
445 4092 571 4142 meliorem
580 4103 664 4143 tenere
672 4093 816 4163 scripturam
843 4106 899 4146 aute
908 4104 1076 4158 argumentum
1085 4113 1092 4141 ε
1101 4099 1115 4149 ἡ
1123 4098 1222 4148 στάσις,
1232 4094 1373 4154 στοχατρός.

281 4173 326 4222 ὑπὸ
332 4169 460 4236 Ῥωμαίους
471 4167 545 4230 αὕτη,
558 4175 637 4229 θίὲνὸς
648 4173 736 4230 δέοντος
752 4193 817 4230 τηνι-
877 4172 886 4196 ³
901 4171 985 4221 Schol.
999 4191 1005 4220 τ
1017 4179 1044 4221 τὸ
1059 4178 1182 4238 προοίμιον
1194 4173 1219 4226 ἐξ
1231 4168 1374 4234 ὑπολήψεως.

281 4251 816 4323 κάδε,κ.κλήρῳδοθείςίίυοῑυτσωθείςΡοο-
876 4250 967 4300 *Ιοίτα
987 4249 1168 4299 declamatione
1185 4248 1240 4297 lll:
1264 4249 1337 4299 δεινὸν
1363 4254 1375 4299 ί

280 4330 363 4390 sinus;
376 4330 421 4378 scd
433 4345 507 4394 quum
518 4329 657 4394 exemplum
670 4329 754 4380 afferat
767 4345 816 4380 non
842 4335 998 4399 συκοφάντης,
1014 4330 1101 4388 δεινόν,
1121 4326 1139 4378 ὦ
1153 4339 1183 4392 γῆ
1196 4334 1236 4377 καί
1250 4333 1306 4379 θεοί.
1328 4327 1376 4376 lle-

280 4408 414 4468 idoneum,
434 4405 543 4456 nondum
565 4407 600 4457 illi
619 4406 721 4472 pareo);
741 4409 816 4459 omit·
843 4408 943 4458 minisse
956 4406 1256 4458 videturDemosthenicae
1273 4416 1375 4456 senten·
