3684 5659
433 612 505 684 280
881 610 1073 676 ΙΕΡΟΚΔΗΣ

433 738 540 842 θὲρμὸν
556 760 619 828 τοῖς
636 752 708 816 ποσί
726 748 897 838 προςέχεεν.
920 728 947 813 ὁ
964 744 999 812 δὲ
1017 771 1034 805 «
1053 749 1206 839 Κοίθαρμοι
1226 771 1259 825 ν,
1278 743 1362 832 εἶπε,
1382 747 1525 838 «ψυχρῷ

433 863 578 953 ἀνθρώπῳ
596 861 702 954 θερμὸν
720 868 867 951 προσχεῖς
881 879 916 943 νς
1370 880 1374 886 ·

482 1016 535 1089 νθ,
555 1021 775 1113 Σχολοιστικὸς’
790 1022 926 1098 ἀκούσας
940 1027 1018 1098 τινὸς
1031 1021 1076 1088 ὅτι
1089 1021 1185 1092 καλίιν
1203 1027 1281 1115 ὄρνιν
1298 1018 1410 1087 ἔωλον’
1427 1046 1528 1088 σιτεν-

433 1136 486 1206 τὴν
514 1132 687 1219 ἐδείπνησε,
719 1134 885 1225 προςελθὼν
912 1142 955 1221 τῷ
979 1129 1137 1224 σιτενρίῳ3
1164 1133 1282 1224 ἔλεγεν·
1307 1158 1324 1192 «
1342 1111 1447 1199 linio'v
1476 1158 1527 1221 μοι

434 1252 513 1336 ὄρνιν
532 1249 621 1311 θῦσον
634 1270 665 1309 n.

484 1400 519 1485 ξ’.
548 1403 774 1497 Σχολαστικὸςι
797 1403 857 1472 ἀπὸ
880 1402 997 1472 πολλῶν
1021 1403 1126 1494 μιλίων
1150 1408 1263 1500 χωρίον
1283 1411 1377 1496 ἔχων,
1396 1405 1435 1473 ἵν’
1454 1400 1527 1473 αῧτθ

435 1519 592 1612 ἐγγύτερον
609 1515 750 1609 ποιήσρζ
772 1512 848 1584 ἑπτὰ
865 1516 952 1607 μίλια
968 1514 1147 1584 κατέθαλθ.

484 1670 542 1756 ξοί.
562 1676 788 1768 Σχολαστιιιὸςτ
804 1674 1114 1768 χαμαιθιθοίσιιοιλος8
1128 1686 1211 1771 οίίρνω
1225 1679 1406 1768 ἀποθλίψας
1422 1684 1465 1758 είς
1476 1683 1528 1754 τὴν

435 1793 547 1882 γωνίαν
563 1789 686 1860 ἐθόησε·
708 1789 890 1866 «Διονύσιος
908 1789 938 1854 ἐν
954 1798 990 1879 τῇ
1007 1790 1103 1880 γωνίᾳ
1121 1787 1265 1856 ἀτακτεῖ”
1282 1815 1312 1856 ν).
1332 1793 1479 1869 Εἰπόντος
1495 1788 1529 1858 δέ

436 1924 514 1975 τινος
531 1897 575 1965 ὅτι
595 1924 609 1956 u
628 1901 710 1964 οὔπω
727 1902 871 1992 ποίρεστιν
885 1923 920 1982 ν,
941 1900 956 1965 ὁ
974 1896 1009 1965 δὲ
1026 1902 1098 1990 ἔφη·
1119 1925 1134 1958 «
1149 1898 1220 1965 ὅταν
1237 1898 1335 1991 ἔλθῃὀ
1347 1925 1377 1964 ο.

486 2053 542 2138 ἔθ’.
568 2060 804 2150 Σχολαστιιιὸς11
824 2073 860 2153 τῇ
878 2059 1032 2156 ε’τηρίθι”,
1049 2065 1068 2136 ἣ
1088 2060 1141 2128 διὰ
1159 2064 1265 2154 χιλίων
1281 2064 1356 2130 ἐτῶν
1372 2071 1483 2156 ἄγεται
1500 2065 1528 2131 ἑν

436 2155 544 2264 ῥώμῃ,
563 2173 726 2245 ἡττηθέντα
742 2175 873 2247 ἀθλητὴν
889 2178 942 2241 καὶ
958 2171 1128 2267 δακρύοντα
1143 2172 1228 2261 ἰδών,
1244 2177 1526 2270 παραμυθούμενος,

438 2309 452 2339 a
469 2285 516 2356 Μὴ
534 2284 672 2350 λυποῦν·
694 2288 765 2376 ἔφη,
785 2309 800 2342 «
814 2286 866 2356 niu
882 2272 943 2377 γὰρ
958 2286 1051 2358 ἄλλην
1067 2282 1258 2379 χιλιετορίδα
1272 2285 1312 2352 σὺ
1327 2284 1486 2365 νικήσειςθ*
1496 2312 1525 2352 ο.

488 2441 543 2543 Epi.
556 2449 787 2541 Σχολαστιιιίιςἢ
796 2456 980 2526 οννεκοίθητο
993 2455 1116 2546 ἡγεμόνι
1127 2449 1332 2547 θεξιοπίιρῳ“.
1346 2458 1401 2532 Εἰς
1413 2449 1529 2549 ἐώραν”

472 2701 536 2751 ‘Est
550 2702 580 2751 56
597 2701 621 2749 in
642 2699 682 2758 M,
704 2700 735 2748 36
754 2699 779 2748 in
798 2699 826 2749 P·
846 2698 923 2750 Abest
941 2699 973 2750 ab
1032 2699 1088 2757 Ἦ,
1102 2707 1181 2766 χαμαὶ
1191 2700 1338 2760 διδάσκαλος.

439 2779 502 2830 Edd·
1032 2777 1042 2804 ⁹
1052 2779 1090 2840 M,
1105 2787 1189 2844 γωνίαν
1201 2782 1315 2836 avantot,
1328 2779 1417 2830 mediis
1427 2779 1529 2832 omissi&

472 2852 482 2880 ’
494 2848 532 2915 M,
544 2856 620 2913 ἔοιλον,
635 2854 679 2904 sed
689 2855 770 2904 statim
782 2857 860 2906 ἕωλον.
999 2857 1057 2918 Qnae
1067 2857 1155 2908 lacuna
1166 2857 1191 2905 in
1204 2872 1276 2907 causa
1285 2857 1360 2908 inisse
1370 2857 1475 2920 videtur,
1489 2874 1531 2909 cur

473 2934 659 3000 Ἀ,σιτευρι’ῳ.
670 2933 706 2992 Μ,
720 2942 873 3001 σιτειτωρίῳ.
886 2935 974 2984 Ponta-
998 2950 1012 2983 a
1032 2937 1192 2985 conversione
1207 2936 1396 2986 narratiunculae
1410 2937 1531 2988 Pomanus

441 3029 486 3061 nus
497 3032 503 3061 ι
513 3030 524 3055 r
536 3011 566 3060 ad
576 3011 738 3074 saginatorem
748 3013 868 3062 accedens
880 3033 901 3058 ι.
911 3013 974 3062 Cor·
997 3014 1140 3064 abstineret.

440 3090 520 3155 rigere
539 3089 613 3137 voluit
630 3100 733 3156 σιτεντῇ.
749 3088 796 3137 Sed
817 3090 885 3138 locus
904 3091 973 3139 desi·
1033 3093 1055 3119 ¹⁰
1065 3094 1102 3152 M,
1113 3095 1183 3144 ἔλθοι,
1195 3094 1280 3144 Simile
1292 3094 1385 3145 dictum
1400 3096 1530 3146 consiliarii

440 3169 507 3233 gnari
525 3166 628 3224 ridetur,
641 3166 786 3230 saginarium
799 3167 902 3229 scilicet,
915 3168 971 3216 alibi
999 3170 1125 3235 cujusdam
1142 3172 1222 3220 audivi
1233 3171 1336 3221 relatum
1354 3189 1368 3220 a
1382 3172 1530 3222 Genevensi-

440 3247 531 3295 dictum
542 3246 732 3312 οιτιοτήριον.Εῑ
741 3246 896 3310 imperativus
908 3252 973 3298 θῦσον
998 3247 1052 3296 bus.
1077 3248 1156 3313 Magni
1174 3249 1273 3298 Consilii
1291 3248 1382 3314 praes'es
1401 3251 1530 3302 Robertum

438 3326 524 3391 (pravo
536 3335 638 3374 accentu
649 3324 678 3385 Α,
689 3325 721 3382 tt,
733 3324 808 3389 θύοον)
819 3324 926 3377 direotus
937 3339 974 3377 est
999 3327 1129 3392 quemdam
1138 3328 1274 3377 allocutus:
1288 3348 1298 3371 ι
1309 3329 1340 3379 M.
1354 3329 1456 3388 Robert,
1468 3342 1531 3381 votre

439 3404 471 3454 ad
482 3404 653 3467 saginatorem.
999 3404 1133 3454 avis-Je
1147 3407 1196 3454 suis
1209 3405 1240 3453 de
1252 3406 1318 3454 i’avis
1329 3405 1360 3455 de
1375 3408 1407 3456 Μ.
1419 3409 1453 3457 Le
1466 3408 1529 3458 Fort.

473 3480 538 3531 ‘Est
552 3483 580 3530 οἵ
598 3482 622 3531 in
643 3480 681 3543 M,
702 3484 733 3530 20
754 3482 778 3530 in
798 3482 826 3531 P.
845 3479 920 3531 Abest
943 3480 974 3531 ab
1000 3482 1099 3530 —Mais
1113 3483 1144 3531 M.
1159 3484 1191 3531 Le
1206 3483 1264 3533 Fort
1280 3485 1321 3549 n'y
1338 3495 1376 3534 est
1395 3484 1532 3550 pas.·-Eb

440 3558 505 3608 Edd.
1001 3559 1072 3609 bien!
1085 3561 1168 3624 quand
1181 3561 1197 3610 it
1208 3578 1223 3626 y
1236 3577 1299 3611 sero.

476 3636 485 3662 ⁵
496 3638 533 3697 M,
546 3637 657 3694 αὔτὸς....
668 3647 771 3695 ποιήσει.
1036 3637 1057 3663 “
1070 3636 1146 3687 Abest
1156 3638 1187 3687 ab
1198 3640 1221 3688 M
1235 3650 1260 3689 et
1271 3639 1299 3688 P.
1312 3650 1338 3689 et
1352 3641 1417 3691 Edd.

474 3713 532 3773 ⁰M,
546 3720 678 3765 aaronem.
699 3717 838 3765 Pomanus:
853 3734 864 3759 r
878 3726 904 3764 ut
919 3731 974 3764 eam
1036 3715 1058 3741 ¹¹
1069 3717 1110 3765 Sic
1119 3716 1206 3766 codex.

441 3791 541 3856 [viliam]
555 3793 753 3858 propinquiorem
763 3795 866 3850 faceret,
879 3803 973 3858 septem
1035 3794 1057 3820 ¹³
1069 3797 1103 3855 Α,
1116 3804 1217 3852 νικήσῃς.

441 3870 517 3920 millia
528 3887 651 3920 nummum
663 3870 770 3920 decrerit
781 3890 804 3920 ο.
814 3873 863 3921 Sed
873 3883 975 3922 senten·
1036 3870 1058 3897 ¹⁴
1070 3873 1112 3922 Est
1123 3873 1153 3920 59
1167 3873 1191 3920 in
1204 3873 1237 3922 Μ.
1248 3871 1325 3922 Abest
1334 3888 1349 3923 a
1359 3873 1432 3925 Pout.
1445 3885 1470 3925 et
1481 3874 1534 3925 Edi·

443 3950 499 3999 tiam
512 3964 560 3998 non
573 3949 648 4012 oepit.
663 3948 724 3999 Sunt
732 3954 801 4012 μίλιοι
813 3949 906 4014 lapides
917 3953 974 4001 mil·
1005 3949 1118 3999 tionibus.

441 4029 517 4089 barii,
533 4045 593 4094 quos
614 4028 709 4092 disjecit
727 4028 900 4086 scholasticus,
919 4032 975 4096 opi·
1035 4027 1057 4053 ¹⁸
1068 4029 1105 4085 M,
1121 4035 1232 4093 ἡγεμὼνι.
1250 4029 1293 4079 Est
1310 4031 1447 4100 διξιόπηρος
1465 4032 1534 4081 oculo

441 4115 527 4167 natus,
546 4108 641 4156 scilicet
662 4106 770 4171 disjectis
791 4107 909 4157 milliariis
934 4125 975 4158 se·
1002 4107 1088 4157 dextro
1100 4108 1192 4157 luscus.

441 4194 522 4246 ptem,
552 4196 646 4250 septem
678 4202 793 4250 passuum
823 4187 897 4236 millia
930 4189 974 4236 viae
1036 4184 1534 4257 16Μ,εἱςῶροιν.λ,εῐςὲώροιν.Ιὲοιὲώροι,

442 4259 544 4322 longiori
557 4261 699 4312 detraxisse.
1001 4266 1039 4314 vel
1051 4270 1143 4334 αἰώρα,
1158 4284 1212 4333 qnae
1230 4267 1350 4332 scriptura
1367 4279 1482 4332 praestat,
1493 4267 1534 4318 sed

476 4336 485 4360 ⁷
496 4338 538 4386 Est
548 4340 571 4388 in
584 4340 605 4388 M
620 4342 660 4390 58.
672 4342 747 4393 Abest
759 4343 789 4393 ab
799 4344 863 4394 Eud.
875 4354 899 4393 ot
909 4344 974 4393 Pon·
1001 4355 1025 4392 et
1034 4344 1102 4408 prior
1110 4348 1236 4406 toleratur,
1244 4346 1298 4396 vitis
1309 4361 1339 4396 ex
1350 4345 1477 4397 arboribus
1486 4361 1534 4396 sus

442 4424 507 4464 tuno.
1001 4437 1086 4484 penso.
