3684 5659
755 629 911 691 ΜΕΛΕΤΗ
937 617 984 689 1¹¹.
1366 626 1413 696 [13

316 759 473 850 δημοσίων
497 756 696 847 ἀδικημάτων
721 768 834 851 πικρῶς
859 757 910 847 ἐμὲ
934 762 1078 851 κρίνοντι,
1105 763 1145 837 ὡς
1171 763 1209 827 ἀν
1232 759 1295 840 οἷός
1315 789 1346 829 τε
1370 760 1413 842 ὦ,

315 875 480 965 χαίροντος
494 873 547 937 καὶ
567 875 620 936 τοῦ
639 866 856 960 δικαστηρίου,
877 870 1123 961 ἀπολογήσομαι.

365 983 489 1050 Μᾶλλον
505 979 557 1048 δὲ1
573 980 674 1072 ὀλίγον
692 1005 720 1046 τι
740 977 859 1047 δίκαιον
877 991 1026 1116 πρρειπεῖν
1045 985 1096 1047 καί
1120 979 1217 1060 δεῖξαι
1234 986 1286 1055 τὴν
1303 987 1415 1072 ἡμετέ-

316 1119 388 1209 ραν
388 1093 437 1161 ἐπι
450 1120 488 1184 τη
475 1093 587 1159 πόλει
604 1094 656 1158 καὶ
676 1101 719 1179 τῷ
736 1088 824 1220 δήμιρ
836 1117 859 1158 π
860 1094 1023 1227 ροαίρεριν.

366 1186 458 1340 Εγώ’
459 1251 470 1288 ,
491 1205 653 1295 παρόντες,
679 1202 781 1276 ὁποῖος
803 1200 911 1292 ἐφάνην
931 1200 976 1267 ἐπὶ
998 1211 1056 1267 τῶν
1080 1208 1174 1297 ἔργων
1197 1215 1261 1282 τοῖς
1284 1209 1414 1298 γείτοσιν

317 1315 405 1383 αι’ντοί
427 1312 677 1408 μαρτυρούντων,
701 1315 726 1377 εἰ
751 1311 940 1403 μοχθηρὸς’
927 1313 987 1402 εγὼ
1009 1316 1061 1378 καί
1087 1312 1288 1401 αὐθάδης,’
1263 1341 1288 1381 ει
1306 1320 1414 1408 τρόπον

318 1429 399 1514 ἔχων
410 1424 618 1491 πλεονεκτικὸν
630 1425 682 1488 καὶ
697 1422 890 1513 φιλόχληρον,
906 1427 930 1487 εί
944 1425 1016 1515 πρὸς
1030 1429 1149 1516 γραφὰς
1163 1429 1214 1490 καὶ
1228 1432 1414 1519 κατηγορίας

317 1534 457 1624 ἕτοιμος,
475 1539 502 1601 εί
520 1530 714 1627 φιλοκερδής,
735 1537 760 1598 εί
778 1530 901 1611 δόςνους
917 1538 972 1600 τινὶ
998 1545 1056 1600 τῶν
1074 1547 1126 1613 τῆς
1145 1537 1278 1622 πόλεως,
1298 1542 1322 1603 εἰ
1340 1539 1413 1605 αὐτὸ

317 1651 407 1712 τοῦτο
421 1644 514 1737 λέγων
532 1640 687 1720 ἀδικηθείς
704 1643 748 1710 ὅτι
765 1639 932 1731 ἠδίκημαι,
954 1649 978 1709 εἰ
996 1645 1209 1737 φιλοπράγμων
1226 1647 1302 1737 ἐγώ,
1321 1654 1360 1727 ἤ,
1380 1647 1414 1711 τὸ

319 1758 512 1850 κουφότερον,
534 1755 772 1848 πολυπράγμων,
798 1758 822 1820 εἰ
847 1755 920 1821 ἄλλο
941 1781 970 1820 τι
992 1759 1260 1847 περιεργαζόμενος
1280 1766 1338 1823 τῶν
1361 1767 1414 1834 τῆς

318 1868 449 1944 πόλεως.
468 1870 528 1933 Καὶ
550 1873 639 1933 τοῦτο
657 1870 739 1959 ἔφερε
759 1865 811 1953 μὲν
828 1869 880 1931 καὶ
900 1869 914 1931 ὁ
934 1869 1042 1957 τρόπος
1065 1868 1156 1955 οὑμὸς
1176 1868 1289 1944 ἁπλοῦς
1306 1866 1336 1944 ἐξ
1353 1871 1413 1958 ἀρ-

319 1989 381 2068 χῆς
398 1979 438 2045 ὢν
452 1981 507 2044 καί
526 1977 704 2066 ἀσόμθατος
721 1980 795 2070 πρὸς
812 1981 981 2069 περίνοιαν·
1004 1979 1058 2043 οὐκ
1076 1979 1165 2070 ὀλίγα
1183 1975 1217 2044 δὲ
1237 1981 1310 2071 πρὸς
1326 1985 1413 2045 τοῦτο

319 2087 525 2176 συνελάμθανε
542 2089 644 2153 καὶτὸ
662 2083 865 2174 ἐπιτήδευμα,
882 2081 973 2173 ᾧκαὶ
992 2087 1186 2180 ἐγγεγηρακα
1199 2085 1273 2173 ἤδη,
1289 2092 1414 2155 κάντεῦ-

320 2203 369 2265 θεν
386 2199 564 2290 ἐποριζόμην
578 2198 613 2262 τὸ
632 2203 698 2288 ζῇν.

367 2311 428 2375 Καὶ
449 2333 484 2374 ου
495 2313 583 2373 τοῦτο
601 2306 653 2394 μὲν
669 2307 767 2398 ἐφειτό
780 2332 866 2397 μοιγ
847 2312 986 2399 γράφειν,
1004 2308 1098 2373 ἐκεῖνο
1116 2305 1149 2373 δε
1165 2313 1224 2394 μή,
1240 2304 1310 2374 ουδὲ
1326 2314 1414 2372 τοῦτο

320 2418 373 2507 μὲν
389 2422 557 2504 εικονίζειν,
576 2443 682 2484 τουτου
698 2414 729 2482 δ
750 2418 941 2506 ἀπέχεσθαι
965 2415 1069 2482 ἀλλ”
1050 2444 1085 2490 ην
1103 2420 1212 2484 άπασα
1230 2444 1292 2510 πρα
1271 2417 1337 2495 ἀξις
1353 2421 1412 2483 ἀλ-

320 2531 412 2607 λοις’
399 2530 591 2664 ενεργουμένη
608 2529 785 2617 υποκειμένη
807 2539 844 2619 τῇ
867 2530 958 2619 τέχνη
974 2538 1010 2618 τῇ
1034 2528 1100 2645 ’μη
1123 2511 1288 2621 Ηρίστευσέ
1304 2555 1348 2605 τις
1366 2529 1412 2594 ἐπὶ

319 2641 471 2728 πολέμου;
486 2644 580 2728 κάμοι
592 2645 715 2733 γράφειν
727 2637 762 2712 ην
775 2668 827 2706 και
818 2638 995 2716 συντάξεις
1011 2667 1063 2706 και
1054 2634 1265 2733 παρατάξεις
1282 2667 1334 2705 και
1352 2643 1412 2706 πό-

319 2751 422 2841 λεμον,
438 2778 490 2817 και
478 2748 669 2860 ἀνδρας’
635 2776 797 2828 πιπτοντας
815 2742 866 2817 κάὶ
885 2761 1030 2828 νικῶντας
1047 2752 1178 2835 ἄλλους,
1197 2777 1249 2816 και
1240 2750 1392 2826 τέλος
1365 2775 1413 2815 τον

320 2866 454 2934 νικητήν.
471 2863 566 2938 Αλλος
583 2858 793 2953 δημηγορων
780 2887 793 2926 ε
796 2865 985 2950 θαυμάζετο;
1008 2866 1059 2928 καὶ
1082 2864 1097 2927 ὁ
1118 2863 1230 2927 ἐκείνου
1251 2861 1371 2953 λόγος’
1358 2863 1414 2949 εμὴ

319 2970 457 3065 πράΕις’
444 2977 570 3065 εγίνετο,
588 2976 640 3039 καί
657 2998 694 3045 ην
711 2975 783 3066 ὁρᾷν
803 2974 849 3039 ἐπι
868 2978 1038 3065 χρωμάτων
1055 2977 1107 3039 καί
1126 2972 1392 3066 βουλευτήριον’
1353 2999 1412 3038 πο-

319 3086 394 3162 λεως
409 3087 461 3152 καλ
480 3081 647 3170 βουλευτὰς
664 3085 850 3173 καθημένους
873 3087 925 3150 καὶ
949 3089 1077 3218 ρήτορας
1095 3085 1256 3177 λέγοντας,
1276 3087 1414 3150 κάκεῖνον

320 3197 479 3283 ἱστάμενον
494 3195 591 3307 μέσον
613 3192 769 3260 ἁπάντων3
785 3223 837 3261 και
858 3220 983 3283 μονονου
1000 3198 1057 3261 κάν
1079 3206 1147 3272 ταῖς
1170 3207 1302 3289 γραφαῖς
1320 3220 1413 3288 ρητο-

319 3305 459 3396 ρεύοντα.
485 3284 596 3372 Ηθελον
621 3306 833 3395 συμθουλεόειν
859 3309 893 3372 τό
919 3308 1057 3379 ποιητέον
1082 3310 1158 3384 τινί;
1187 3333 1239 3371 και
1266 3308 1412 3381 καθὼς“
1395 3332 1414 3375 η

319 3411 411 3500 τέχνη
436 3406 612 3496 ἐδίδου,
579 3436 672 3488 ουτως
689 3411 847 3499 ἐποιούμην
867 3437 918 3484 την
937 3412 1121 3500 συμθουλήν.
1142 3392 1320 3475 θδείκων’
1307 3411 1353 3474 επ’
1374 3414 1415 3474 εἰ·

320 3524 408 3599 κόνος
429 3528 568 3588 ταπεινοῦ
593 3547 719 3611 σχημα,
748 3527 799 3588 καί
825 3527 992 3599 τεθηπότας
1026 3522 1135 3597 ἀλλους
1155 3525 1308 3613 παρίστων
1331 3521 1410 3586 ἐκεῖ

356 3799 687 3866 18(εΙιι)1.;προκοιτάστασις.
881 3818 918 3855 σος
937 3800 1039 3861 ἐκείμην.
1057 3797 1160 3847 Babrius
1178 3797 1204 3847 F.
1223 3800 1249 3846 Ἡ
1268 3818 1274 3847 ι
1291 3794 1378 3864 ’Δνεμοι
1390 3799 1416 3846 δὲ

355 3875 471 3929 ’Schola
481 3881 635 3932 κατάστασις.
880 3881 966 3932 πάντες
979 3879 1009 3924 ὧν
1025 3878 1070 3938 ἐγὼ
1089 3876 1149 3940 μίση
1164 3886 1255 3941 κεῖμαι.
1273 3875 1416 3927 Plutarchus

354 3953 365 3980 ⁸
377 3953 490 4020 syntaxis
505 3952 619 4019 adjectivi
633 3959 701 4018 μίσος
716 3968 771 4004 cum
783 3953 853 4019 geni·
880 3953 964 4013 Bruto,
980 3955 989 3999 1
1007 3973 1012 4000 ;
1026 3955 1051 4003 ἐν
1064 3956 1192 4012 ἀνίστησαν
1204 3962 1273 4020 μίτον
1287 3965 1333 4004 τῶν
1344 3961 1416 4021 βασι-

321 4032 371 4083 ῑὶνο
381 4047 430 4082 non
439 4031 580 4099 infrequens
589 4032 769 4097 est.Antipater
778 4030 852 4080 Anth.
880 4035 946 4081 λέων.
964 4031 1054 4081 Athen.
1072 4034 1115 4092 13,
1129 4035 1170 4082 58.
1192 4033 1362 4090 Aristaenetus,
1387 4035 1415 4091 1,

321 4110 347 4170 9,
358 4110 465 4168 θθθεῆν
474 4112 523 4179 ἀρα
534 4117 743 4178 μίσσηΓήρωςκαλ
755 4116 854 4162 θανάτου
880 4110 932 4158 25:
951 4115 1142 4177 παρακαθίζεται
1163 4117 1222 4173 μίση
1244 4113 1301 4174 ἐμοῦ
1323 4130 1350 4159 τε
1374 4116 1414 4159 καὶ

321 4187 766 4260 λιιπομόυηπρόφασιςνοτλνίνφυίόοιη
774 4188 854 4251 bonis,
880 4192 1012 4254 Παμφίλου.
1026 4187 1061 4236 lbi
1075 4198 1131 4238 nota
1147 4204 1201 4237 mea
1219 4204 1246 4252 p.
1263 4189 1321 4237 561.
1333 4187 1374 4238 Sic
1390 4196 1417 4238 et

320 4282 370 4317 non
381 4266 753 4334 reomaententia,qu0dsacile
764 4267 857 4332 patebit
881 4265 971 4314 Latini.
983 4265 1043 4314 Vide
1061 4266 1174 4316 Crusium
1191 4267 1222 4316 ad
1243 4267 1313 4317 Ovid.
1332 4267 1364 4317 Μ,
1384 4269 1414 4328 5,

320 4346 473 4413 epigramma
486 4347 586 4412 legenti.
602 4345 718 4411 Agathias
734 4345 807 4397 Anlh.
826 4347 855 4405 5,
881 4344 939 4392 564.
960 4343 1082 4394 Eumenes
1095 4345 1185 4410 paneg.
1205 4361 1227 4396 c.
1246 4349 1280 4397 9:
1297 4366 1308 4392 ι
1327 4348 1415 4413 Apollo

322 4425 373 4474 269
385 4443 390 4473 :
402 4434 489 4477 Δισσῶν
501 4430 628 4492 θηλυτέρων
638 4430 720 4490 μοῦνός
730 4443 787 4475 ποτε
796 4431 857 4489 μίσ·
882 4421 977 4474 medius
991 4422 1157 4474 Camoenarum
1170 4443 1191 4474 ν.
