3684 5659
806 632 1028 696 ΕΠΙΤΑΦΙΟΣ.

522 749 623 859 llyclp
643 769 767 838 ταπεινὴ
785 771 836 831 καὶ
855 770 1026 855 πατουμένη
1044 770 1141 851 κόνις,

523 880 579 943 κᾶν
596 879 753 970 ἐκριπισθῄ
771 882 822 943 καὶ
840 879 913 970 πρὸς
931 879 1038 969 αἰθέρα
1057 875 1188 969 δράμημ’,

522 990 589 1055 ἀλλ’
609 983 659 1054 οὖν
678 990 767 1055 πάλιν
783 993 917 1055 κάτεισιν
935 994 976 1064 εἰς
993 1000 1048 1080 γῆν
1067 989 1125 1066 ὡς’
1143 993 1241 1073 κόνις,
1429 996 1468 1054 75

522 1101 593 1166 ὅταν
611 1101 626 1165 ὁ
643 1102 781 1191 κλωστὴρ
798 1110 850 1175 τῆς
868 1097 975 1175 πνοιῆς3
990 1097 1193 1193 παραδράμῃ.

520 1211 621 1276 Biblos
640 1207 673 1276 δὲ
691 1221 809 1293 πᾶσαι,
830 1215 880 1276 καὶ
902 1212 984 1301 λόγοι
1003 1215 1054 1276 καὶ
1074 1216 1242 1300 σχήματα,

520 1325 570 1387 κοιὶ
589 1320 785 1412 συλλογισμοὶ
805 1324 855 1385 καὶ
875 1326 1036 1412 προτάσεις
1054 1325 1105 1386 καὶ
1126 1320 1278 1407 στάσειςζ

523 1437 565 1508 εἰς
582 1426 668 1496 οὐδὲν
686 1431 865 1523 ἐρρέτωσαν,
887 1432 927 1506 ὡς
946 1438 1017 1522 ὄναρ
1036 1434 1137 1518 μόνον.

519 1523 620 1633 llyclp
640 1542 760 1611 τελευτὴ
780 1544 973 1633 συμπεραίνει
994 1545 1043 1607 τὸν
1063 1540 1129 1626 βίον

522 1656 564 1728 εἰς
580 1654 633 1724 τὴν
651 1646 868 1717 ἀναπόδεικτον
886 1649 1071 1740 εὐετηρίαν.

522 1769 563 1827 Συ
581 1759 611 1828 d'
633 1762 711 1827 ἀλλά
727 1787 777 1848 μοι
795 1758 947 1848 θοιύμοιζε8
965 1771 1022 1825 τῶν
1040 1762 1139 1827 ἄλλοιν
1160 1765 1247 1830 πλέον

522 1874 699 1964 αὐθαίρετον
716 1875 831 1955 πενίαν,
852 1868 924 1946 ἦθος
942 1872 1072 1962 μέτριον,

521 1982 591 2069 βίον
606 2008 638 2048 τε
656 1984 767 2058 παντὸς
786 1981 898 2070 ἐμμελῆ
916 1986 1133 2072 μουσουργίοιν,

407 2194 462 2251 ΙΒ,
483 2194 576 2261 δράμῃ,
598 2202 626 2241 ttl
644 2190 709 2241 Edd.
734 2190 769 2251 Α,
789 2193 906 2258 δράμηοι,
934 2190 1043 2258 εὐετηρία
1062 2203 1129 2242 creat
1142 2192 1308 2244 difficultatem
1324 2205 1348 2244 ct
1365 2194 1469 2260 plutima

372 2272 485 2323 adunatis
507 2270 571 2320 binis
593 2268 757 2328 lectionibus,
781 2269 859 2338 δράμῃ
883 2278 908 2317 et
935 2267 1032 2318 disserit
1046 2286 1099 2335 quae
1114 2273 1227 2322 omittere
1241 2274 1316 2323 satius
1332 2284 1393 2323 erat.
1408 2275 1465 2325 For·

372 2353 471 2421 δράμοι.
480 2377 511 2386 -
521 2366 533 2394 ιι
545 2348 642 2398 Pbrasis
653 2347 741 2397 Psalmi
756 2351 765 2394 1
778 2385 784 2405 ‚
802 2350 848 2396 l.»
862 2346 905 2396 W.
934 2355 998 2395 tasse
1010 2346 1141 2411 legendum
1154 2352 1325 2408 ἀναπόληκτον.

371 2430 426 2479 Nou
448 2425 659 2493 respiciebatura
687 2434 811 2490 poetastro
837 2425 907 2474 locus
968 2422 1065 2484 ⁰Edd.,
1079 2431 1106 2474 σὺ
1115 2427 1136 2476 δ’
1147 2430 1207 2478 ἀλλὰ
1216 2437 1250 2492 μὴ
1260 2434 1280 2478 θ.
1294 2429 1364 2488 Β,σίν
1378 2429 1399 2477 δ’
1409 2431 1469 2478 ἀλλά

371 2507 472 2558 Psalmi.
490 2504 597 2556 Verbum
610 2503 698 2554 Psalmi
713 2506 839 2571 ἐκριπίζειν
857 2518 905 2552 nou
934 2523 976 2567 μοι
986 2508 1008 2552 θ.
1020 2505 1055 2562 Α,
1067 2510 1094 2553 σὺ
1104 2506 1126 2554 δ’
1138 2506 1198 2555 ἄλλά
1213 2527 1254 2570 μοι
1273 2513 1294 2557 θ.
1309 2506 1350 2556 W.
1364 2506 1470 2570 conjecit

372 2595 410 2636 est
423 2584 525 2635 omuino
540 2582 672 2639 biblicum.
683 2582 760 2648 utqui
775 2582 817 2632 illo
832 2583 907 2632 utitur
935 2587 962 2630 σὺ
984 2583 1004 2631 δ’
1025 2582 1085 2633 ἄλλοι
1101 2590 1147 2648 μοῦ
1165 2593 1207 2632 aut
1226 2603 1276 2649 μοι.
1298 2583 1329 2633 Et
1349 2583 1468 2633 addidit:

372 2665 503 2726 δοιΰιδιζιιν
515 2662 597 2713 statim
606 2660 724 2711 dicendus
735 2661 774 2712 sit.
936 2679 948 2703 ι
962 2671 1028 2710 certa
1045 2660 1185 2724 conjectura
1199 2677 1293 2727 repono
1307 2681 1360 2727 μοι.
1377 2661 1469 2712 Defun-

405 2739 503 2801 ¹Edd.,
514 2747 618 2791 κάτεισιν
633 2741 718 2809 οἵαπερ
731 2744 800 2796 κόνις.
814 2738 907 2803 Sequor
935 2748 988 2788 ctus
1007 2740 1058 2789 vult
1077 2755 1104 2788 sc
1125 2739 1219 2789 laudari
1237 2739 1269 2789 ab
1289 2738 1426 2790 eruditione
1445 2760 1467 2791 ν.

373 2820 481 2872 codices.
937 2816 1057 2883 Equidem
1071 2817 1165 2882 praetuli
1181 2823 1207 2867 σὺ
1220 2819 1241 2867 δ’
1261 2821 1335 2877 ἀλλά,
1350 2834 1425 2882 quum
1439 2820 1471 2868 sit

406 2898 484 2961 ¹AB,
501 2907 580 2956 πνοῆς.
592 2895 668 2956 Edd.,
682 2904 751 2958 ζωῆς.
765 2894 810 2944 Vel
827 2896 850 2944 in
866 2895 906 2945 tali
934 2896 1037 2946 formula
1051 2907 1108 2946 nota
1125 2899 1145 2945 δ’
1158 2898 1232 2957 ἀλλὰ,
1250 2913 1323 2963 quam
1339 2897 1397 2947 olim
1413 2897 1471 2947 illu·

372 2976 540 3028 rersilicatorc
563 2974 729 3041 preferendus
753 2984 791 3024 est
810 2989 908 3039 semper
934 2975 1007 3024 stravi
1031 2974 1063 3024 ad
1084 2975 1209 3037 Nicetam,
1222 2992 1248 3042 p.
1269 2976 1327 3026 304.
1346 2976 1389 3026 Est
1404 2977 1470 3041 apud

373 3053 570 3121 discrepantibus
594 3052 678 3114 libris,
702 3069 747 3118 per
774 3053 910 3117 legitimus,
934 3052 1044 3102 Nicetam
1073 3052 1136 3103 idem
1167 3065 1283 3105 accentus
1307 3053 1421 3103 mendum
1445 3063 1470 3104 σι’

373 3134 511 3200 presertim
541 3147 615 3197 quum
644 3130 767 3180 sententia
794 3131 910 3180 alterutro
936 3133 957 3181 δ’
975 3133 1050 3192 ἄλλοι,
1082 3148 1127 3196 pro
1145 3142 1179 3183 rt
1206 3135 1226 3183 δ’
1252 3136 1319 3183 ἀλλά.
1346 3130 1470 3181 Videndus

373 3212 449 3265 modo
459 3212 526 3263 bona
537 3211 578 3260 sit.
935 3211 1033 3260 omnino
1048 3210 1174 3262 Heindorf.
1190 3210 1222 3261 ad
1235 3210 1363 3261 Platonem
1380 3210 1415 3259 sic
1429 3210 1471 3259 lo-

407 3289 495 3340 ⁴rbd
513 3289 605 3354 scripta
621 3287 778 3355 Pacbymcris
792 3286 871 3350 logica
886 3296 911 3336 et
935 3299 1049 3354 quentem
1070 3289 1145 3355 Soph.
1166 3289 1183 3355 ς
1206 3291 1237 3337 ll
1250 3311 1256 3339 :
1267 3297 1294 3339 σὺ
1313 3291 1333 3339 δ’
1351 3291 1400 3339 ἀλλ’
1419 3293 1470 3339 εἰπὲ

374 3366 546 3435 philosophica
563 3377 587 3416 ct
607 3366 745 3425 rhetorica,
763 3382 816 3431 quae
834 3363 909 3414 multa
936 3378 1038 3435 πρῶτον.
1059 3366 1129 3417 Adde
1150 3366 1299 3432 Elmsleyum
1321 3367 1353 3416 ad
1373 3368 1469 3416 llcracl.

375 3457 446 3505 sunt,
464 3443 581 3509 respicit,
596 3455 621 3493 et
637 3444 789 3509 potissimum
807 3443 908 3491 forsitan
937 3447 998 3504 565,
1015 3455 1039 3495 et
1052 3445 1158 3494 Acham.
1174 3447 1245 3495 1033.
1256 3446 1284 3494 ln
1300 3447 1358 3494 lone
1370 3445 1469 3509 Euripi-

374 3524 406 3575 νᾶ
424 3522 477 3589 ejus
496 3522 594 3587 mitras
610 3524 642 3579 εἰς
660 3529 691 3572 τὰ
705 3527 909 3590 προνυμνάσματα
935 3523 996 3584 dea,
1014 3524 1076 3583 9t8,
1095 3530 1131 3573 νῦν
1144 3525 1164 3573 δ’
1186 3526 1260 3586 ἀλλὰ,
1279 3522 1412 3587 llusgrario
1427 3522 1469 3572 dc-

374 3610 414 3653 και
436 3605 469 3660 εἰς
494 3608 538 3660 τὰς
561 3606 668 3662 στάσεις,
685 3616 745 3667 quas
766 3598 907 3658 Fabricius,
933 3603 1000 3652 lente
1013 3604 1044 3662 δ’,
1063 3611 1088 3650 et
1099 3600 1247 3651 Wakefield.
1267 3605 1289 3667 γ’
1302 3601 1469 3662 rescribente,

373 3697 400 3747 p.
420 3681 485 3740 tos,
516 3678 546 3745 [t.
566 3678 624 3740 Vll,
650 3695 676 3745 p.
699 3678 756 3741 l86]
778 3687 907 3728 memoret.
933 3681 974 3746 qui
984 3697 1052 3730 error
1064 3681 1109 3730 fuit
1119 3679 1283 3730 etWalcken.
1293 3680 1317 3729 in
1329 3679 1469 3740 Phoenissis,

373 3758 509 3811 Rhetorum
520 3773 579 3808 vero
592 3763 748 3814 στάσειςιιιιιι
757 3757 791 3806 illi
806 3766 909 3822 quatuor
936 3760 1036 3810 meliora
1062 3760 1166 3809 docente
1187 3759 1282 3826 Apitzio
1299 3759 1332 3809 ad
1350 3776 1374 3809 r.
1398 3763 1469 3811 1681.

375 3852 454 3889 causae
468 3835 612 3902 juridicialis
631 3845 708 3886 status
718 3855 741 3884 ν.
763 3834 805 3883 W.
820 3835 909 3899 Progy·
936 3836 1056 3887 Leonidas
1073 3838 1172 3888 Tareut.
1187 3838 1262 3887 both.
1275 3839 1305 3896 9,
1320 3838 1368 3886 335
1382 3857 1389 3885 ι
1401 3835 1472 3888 Ὑλο-

375 3925 511 3967 mncsmttla
528 3912 605 3965 edidit
623 3913 702 3964 Walz·
721 3930 744 3962 v·
761 3913 798 3972 (l,
812 3915 909 3976 μελέτας
937 3919 1164 3982 pipooro'rpc'rlpcd',
1176 3918 1470 3984 ὁδοιπόρι,Μικκαλίωνος.

376 4011 431 4061 ogo.
859 4007 863 4016 '
937 3989 1037 4062 Ἑρμῆς,
1053 3997 1104 4044 o'rll'
1123 3996 1158 4044 ide
1177 4002 1217 4045 τὸν
1236 4001 1334 4060 κρήγυον
1351 3992 1468 4060 ὑλορόρον.

409 4073 524 4123 'ullors
544 4070 669 4123 concludit
683 4070 715 4121 ad
728 4070 909 4120 indemonstra-
937 4070 1061 4122 Planudea
1080 4074 1101 4122 δ’
1119 4075 1168 4122 ἀλλ’
1187 4073 1235 4132 ἴδε,
1261 4071 1357 4119 favente
1378 4071 1470 4133 optimo

375 4152 450 4203 bilem
464 4149 648 4203 abundantiam.
661 4149 765 4212 Quando
778 4148 849 4214 logici
862 4147 909 4198 ho·
937 4148 1037 4209 codice;
1050 4148 1123 4214 idque
1134 4148 1230 4198 videtur
1238 4146 1394 4198 servandum.
1407 4148 1471 4197 Prae·

375 4232 447 4283 minis
463 4229 617 4298 syllogismos
635 4238 660 4279 et
675 4228 812 4295 premissas
828 4227 909 4276 nomi·
937 4238 1004 4278 terea
1020 4228 1102 4277 malim
1117 4229 1261 4290 rr’mdlpuo',
1273 4225 1310 4275 vel
1325 4225 1470 4290 capiendum

375 4313 455 4372 navit,
469 4325 534 4361 nunc
544 4318 649 4359 mortem
660 4323 710 4358 uon
728 4306 829 4372 illepide
846 4319 911 4355 con·
937 4308 1072 4371 τώγάλμαθ’
1088 4319 1133 4369 pro
1150 4304 1215 4354 duali
1230 4319 1332 4354 numero
1347 4311 1380 4355 τὼ
1392 4307 1471 4369 ἀγάλ-

376 4390 511 4440 clusionem
525 4396 596 4437 vocat
605 4397 630 4437 et
638 4386 696 4436 iude
707 4384 780 4435 efficit
788 4385 909 4450 σῦιτηριαν
936 4406 1013 4451 μασι,
1026 4384 1145 4435 icunculae
1158 4383 1223 4434 binae
1234 4381 1350 4433 videlicet
1358 4400 1418 4450 quas
1431 4394 1471 4434 tc-

377 4468 545 4521 ἀνσιπόδιικτον
556 4485 579 4517 ν.
593 4464 634 4517 W.
646 4465 707 4517 'l'um
716 4463 761 4514 sibi
769 4464 800 4514 de
811 4464 909 4513 nomino
937 4465 990 4514 uuir
1000 4462 1046 4512 iste
1059 4461 1153 4525 bajulus
1164 4460 1283 4512 llcrcurio
1296 4459 1433 4511 dedicabat.
