3684 5659
443 590 490 658 22
685 666 699 702 ο
776 597 811 655 Γ.
841 595 914 657 ΤΟΥ
939 593 1193 656 ΠΑΧΥΜΕΡΟΥΣ

491 732 549 792 Τοῦ
575 723 643 814 μὲν1
675 724 713 798 θλ
745 729 840 821 γέρως
871 725 959 800 ἧττόν
989 755 1040 816 μοι
1067 728 1171 816 μέλει,
1194 728 1251 792 κάν
1275 727 1420 820 στέφανον
1439 730 1534 796 είποι’

441 863 486 914 τις
512 838 545 904 έκ
569 845 706 930 χρυσοῦ,
730 841 787 905 κάν
811 840 857 906 ἐπ’
883 843 1000 932 ἀγορᾶς
1017 837 1158 932 κήρυξιν,
1181 841 1238 906 κάν
1258 842 1379 911 σίτησιν
1404 840 1437 905 ἐκ
1459 852 1535 934 πρῦ-

441 952 576 1034 τανείου,
595 952 653 1015 κᾶν
669 951 744 1016 ἀλλο
758 978 800 1036 τι,
821 945 867 1028 οἷς
880 955 946 1027 ἔθος
961 951 1029 1040 ὑμῖν
1042 949 1205 1043 δωρεῖσθαι
1220 951 1290 1027 τοὺς
1306 950 1465 1043 εὐεργέτας
1481 963 1535 1030 τῆς

441 1060 571 1137 πόλεως·
588 1063 676 1148 μόνον
694 1059 727 1127 θέ
743 1067 831 1128 τοῦτο
845 1059 949 1128 δάκνει
963 1088 1019 1150 μου
1031 1063 1084 1133 τὴν
1097 1062 1211 1151 ψυχήν,
1232 1066 1257 1127 εἰ
1274 1071 1311 1151 τῇ
1329 1066 1467 1154 στερήσει
1481 1069 1534 1130 τοῦ

441 1172 537 1263 γέρως
554 1177 765 1266 συστερπθείην
782 1176 833 1240 καί
854 1175 906 1245 τὴν
920 1172 992 1267 ὑπὲρ
1007 1183 1059 1250 τῆς
1072 1171 1219 1266 πατρίδος
1236 1170 1383 1260 σπουδήν,
1402 1177 1454 1240 καὶ
1475 1175 1535 1242 ὅσοι

442 1285 561 1374 φθοίσας
574 1283 646 1377 ὑπὲρ
664 1283 759 1373 ὑμῶν,
776 1287 815 1362 ὡς
833 1283 916 1375 εἶχον
928 1289 980 1351 καὶ
999 1287 1109 1377 τρόπον
1126 1287 1178 1351 καὶ
1197 1285 1324 1373 τέχνης,
1339 1287 1531 1376 ἠγώνισμαι,

442 1403 499 1479 μιᾷ
511 1399 587 1486 ῥοπῇ
601 1399 777 1486 ἀφανισθείη
793 1393 902 1489 ἀνδρὸς
914 1400 1054 1488 φθονεροῦ
1067 1421 1099 1461 τε
1111 1398 1164 1461 καὶ
1180 1391 1388 1483 μισοπόλιθος.
1403 1376 1535 1473 Ιθκείνως

442 1503 495 1591 μέν
512 1510 585 1599 γοίρ,
606 1510 663 1573 κάν
686 1511 720 1574 τό
737 1510 829 1602 γέρας
845 1508 1005 1599 ἀπῄ,.ἀλλ’
1025 1511 1106 1574 οὔπω
1124 1511 1164 1573 τά
1181 1517 1233 1583 τῆς
1250 1507 1323 1594 έμῆς
1339 1493 1456 1583 εὐνοίας
1470 1509 1536 1574 έπι-

443 1617 648 1684 καλόπτεται·
667 1618 761 1696 οὕτως
779 1616 830 1704 θέ,
852 1623 876 1684 εἰ
894 1621 935 1707 μὴ
950 1621 1037 1710 κάγὼ
1052 1613 1097 1695 οἷς
1110 1615 1195 1708 εἶχον
1208 1619 1315 1709 έφοίνην
1331 1622 1534 1710 χρήσιμοςτῄ

442 1725 588 1821 πατρίδι,
611 1732 651 1806 ὡς
668 1731 735 1796 λίαν
749 1731 884 1813 ἐλεεινόν,
904 1730 957 1794 καί
977 1723 1072 1792 θεινόν
1088 1729 1107 1800 ἢ
1125 1725 1236 1820 φέρειν8
1250 1731 1300 1794 τόν
1318 1727 1390 1821 ὑπὲρ
1408 1726 1535 1818 δύναμιν

442 1833 487 1914 οἷς
504 1839 595 1931 ἐχρῆν
612 1838 732 1925 βοηθεῖν
750 1841 944 1934 εἰργασμένον
965 1842 1017 1905 καί
1038 1839 1123 1916 όλαις
1139 1840 1247 1932 ὁρμαῖς
1261 1841 1346 1905 κατόο
1362 1845 1415 1906 τοῦ
1437 1837 1535 1907 θείνοῦ

442 1949 632 2016 σπεόσανταί
1048 1973 1052 1979 ’
1358 2019 1360 2023 ,
1411 1938 1419 1951 ‚

490 2062 611 2127 Μᾶλλον
629 2061 679 2129 δέ*
694 2066 746 2130 καὶ
766 2064 871 2156 μικρὸν
884 2067 997 2129 ἀνωθεν
1010 2060 1156 2156 ἄρξομαι,
1175 2065 1216 2139 ὡς
1230 2064 1267 2128 ἀν
1284 2060 1374 2136 δῆλον
1392 2061 1461 2151 ὑμῖν
1477 2065 1535 2154 γέ-

441 2196 529 2242 νηται
550 2175 601 2237 καὶ
624 2173 706 2249 ὅσοις
729 2169 837 2249 δεινοῖς
860 2174 912 2244 τὴν
934 2170 1070 2266 πατρίθα
1092 2175 1126 2240 τὸ
1148 2172 1267 2262 συμθόιν
1283 2171 1463 2264 περιέθαλε,
1482 2176 1534 2239 καὶ

444 2280 553 2346 ὁπόσον
575 2281 750 2376 έγώ,“πρός
772 2284 805 2348 τὸ
826 2280 920 2348 θεινόν
940 2282 1034 2347 ε’κεῖνο
1060 2283 1100 2358 ὡς
1125 2279 1209 2372 εἶχον
1227 2285 1533 2370 ἀντικαθιστοίμενος,

443 2394 558 2468 πάσαις
575 2397 755 2486 προθυμίαις
773 2396 961 2485 ἠγώνισμαι.
982 2376 1054 2458 Ᾰλλ’
1072 2383 1115 2458 ὤῘ
1134 2397 1163 2458 τί
1184 2397 1292 2472 ποίθω;
1311 2393 1428 2458 ἐκείνων
1445 2394 1536 2458 πάλιν

445 2503 693 2593 ἀναγκαζόμενος
710 2508 878 2594 μεμνῆσθαι
891 2513 950 2571 τῶν
970 2500 1138 2596 θυςχερῶν,
1160 2505 1277 2596 ἰλίγγου
1294 2503 1463 2595 πληροῦμαι
1481 2507 1534 2568 καί

445 2613 589 2700 ἀθυμίας,
605 2619 728 2680 κάκεῖσε
739 2624 782 2702 τῷ
796 2625 836 2703 νῷ
850 2618 972 2707 γίνομαι
985 2617 1037 2681 καὶ
1052 2614 1196 2702 μονονοὺκ
1210 2615 1239 2680 έν
1252 2614 1416 2706 ὀφθαλμοῖς
1434 2610 1535 2697 βλέπω

442 2725 482 2786 τά
507 2725 573 2787 τότε
598 2727 809 2814 πραττόμενα·
840 2722 981 2816 φοθερόν“
1009 2724 1062 2812 μἐν
1089 2725 1135 2790 ἐπ’
1162 2725 1354 2816 ἀκροπόλεως
1378 2724 1533 2817 τύραννον,

378 2918 380 2922 ,
442 2837 556 2921 ἀγοντα
573 2833 625 2896 καὶ
648 2834 774 2924 φέροντα
796 2837 835 2898 τόι
852 2835 982 2899 ἐνταῦθα
1004 2837 1083 2921 μόνῳ
1103 2844 1147 2921 τῷ
1168 2832 1342 2921 βλέμματι,
1363 2837 1415 2898 καὶ
1440 2831 1536 2925 θορυ-

441 2943 548 3033 φόρους
573 2943 666 3009 αὐτοῦ
688 2947 822 3009 ἀνωκαί
840 2948 924 3009 κάτω
942 2941 1153 3036 θιερχομένους
1178 2942 1242 3032 μετ’
1260 2945 1464 3034 ἀγριότητος·
1485 2947 1538 3010 τὸν

443 3050 549 3124 εὐσεβῆ
573 3052 606 3119 θέ
631 3052 726 3143 δῆμον
750 3054 778 3120 έν
803 3055 911 3131 λύπαις
934 3057 985 3119 καί
1011 3056 1155 3141 ἀθυμίαις
1173 3055 1354 3145 μεγίσταις,
1379 3054 1431 3118 καὶ
1457 3053 1537 3141 μηδὲ

440 3168 493 3242 τοῦ
507 3171 591 3229 οἴκου
603 3168 707 3257 μικρὸν
720 3171 845 3256 ἔχοντας
854 3165 1032 3259 προκόπτειν
1043 3165 1113 3241 τοὺς
1125 3165 1154 3230 έν
1168 3175 1203 3256 τῇ
1218 3165 1323 3250 πόλει,
1340 3166 1419 3231 ἀλλὰ
1435 3193 1539 3260 παρα-

442 3271 602 3362 θυομένους
619 3279 718 3366 σκότῳ
737 3279 788 3342 καί
811 3279 961 3370 ἀφανείᾳ,
987 3275 1081 3352 ένίους
1100 3273 1134 3341 θέ
1153 3279 1205 3341 καί
1228 3287 1293 3352 τοῖς
1312 3279 1476 3365 μνήμασιν,
1496 3279 1537 3353 ὡς

441 3394 573 3476 κρεῖττον
591 3392 716 3478 ἔχοντας
733 3391 767 3455 τό
785 3393 883 3455 θανεῖν
902 3389 920 3461 ἢ
941 3385 1092 3453 θουλεόειν
1109 3399 1297 3481 τυραννικοῖς
1319 3388 1534 3480 έπιτοίγμασιν.

441 3500 493 3561 Ec>
508 3500 564 3575 τὰς
581 3508 639 3564 τῶν
657 3507 745 3566 οἴκων
763 3500 955 3584 σκυλεύσεις,
977 3502 1033 3573 τὰς
1057 3509 1116 3566 τῶν
1132 3500 1285 3592 παρθένων
1305 3499 1437 3576 ἑλκόσεις
1448 3498 1464 3583 ,“
1477 3508 1537 3564 τῶν

442 3612 607 3699 χρημάτων
631 3615 686 3687 τὰς
706 3608 876 3704 ἀρπαγάςθ,
903 3613 959 3687 τάς
983 3611 1189 3703 καθ”ἡμέραν
1213 3612 1346 3703 πληγοίς,
1371 3611 1453 3695 τούς,
1479 3612 1536 3676 κάν

478 3869 486 3894 ¹
501 3871 627 3921 Scholium
641 3891 647 3920 ι
660 3874 765 3939 δεύτερον
779 3879 913 3940 προοίμιον.
1038 3872 1153 3922 ⁵Sehol.:
1168 3878 1319 3926 κατάστασις.

475 3951 608 4001 'Fortasse
628 3953 692 4018 εἴπῃ.
712 3951 760 4000 Sed
779 3951 836 4000 talia
859 3952 899 4000 vix
919 3960 976 3999 tan·
1035 3951 1148 4001 1Ἠοοῑοι
1174 3952 1206 4001 ad
1230 3947 1420 3999 Andromachen
1446 3943 1538 3999 ιλλλιὶ

442 4030 521 4097 genda
531 4032 555 4080 in
570 4030 689 4094 scriptore
699 4028 751 4094 ejus
762 4031 848 4079 τεῑειῖίυ.
1002 4051 1032 4096 με
1045 4036 1172 4082 τεθνειῶτα
1185 4038 1246 4094 χυτὴ
1258 4035 1320 4078 κατὰ
1334 4035 1393 4090 γαῖα
1404 4029 1537 4086 καλύπτοι,

477 4109 609 4173 ³lntellig0
622 4129 628 4157 ι
641 4111 712 4159 δεινὸν
722 4113 808 4173 μᾶλλον
819 4115 833 4168 ἣ
844 4115 926 4160 τοῦτον
937 4115 975 4178 φὲ·
1003 4117 1059 4179 Πρίν
1075 4113 1097 4175 γ’
1112 4111 1148 4161 έτι
1161 4121 1201 4166 σῆς
1215 4129 1242 4160 τε
1255 4115 1311 4178 βοῆς
1324 4113 1365 4157 σοῦ
1379 4109 1399 4156 θ’
1415 4110 1538 4172 ἑλκηθμοῖο

442 4211 491 4257 ρειν
506 4191 618 4239 δὺνοισθαι
627 4225 633 4246 ,
642 4189 666 4245 θς
679 4191 802 4256 εἴργασται
813 4190 871 4258 ὑπὲρ
882 4191 933 4239 δὺν.
944 4191 978 4244 οἷς
1003 4194 1124 4240 πυθέσθαι.
1144 4188 1175 4236 Et
1192 4187 1221 4236 ll.
1239 4188 1286 4248 22,
1300 4187 1331 4234 62
1344 4206 1355 4249 ιΙ
1366 4188 1499 4244 ἑλκηθείσας
1512 4207 1538 4236 τε

443 4271 512 4336 ἐχρῆν
523 4271 626 4336 βοηθεῖν,
635 4273 676 4316 καὶ
688 4268 803 4318 ἔσπευσεν.
818 4268 914 4318 Mallem
928 4283 976 4316 non
1003 4272 1128 4335 θύγατρας.
1147 4266 1282 4332 Procopius
1295 4266 1394 4316 Gazaeus
1411 4266 1434 4314 in
1451 4265 1538 4314 villui-

443 4347 481 4396 bis
493 4345 605 4411 posuisse
624 4347 696 4398 δεινόν
711 4363 785 4397 sensu
799 4364 847 4398 non
862 4348 958 4398 eodem.
1002 4347 1056 4395 soni
1069 4343 1186 4405 mariba,
1199 4361 1224 4410 p.
1235 4345 1263 4392 34
1278 4365 1285 4394 ι
1297 4349 1418 4410 ἑλκομένην
1427 4349 1536 4403 νεότητα,

479 4424 595 4475 ⁴Schol.:
610 4431 809 4493 προκατάστασις.
1003 4432 1042 4474 καὶ
1068 4429 1194 4490 παρθένους
1215 4427 1372 4491 ἀγομένας....
1396 4432 1453 4491 πρὸς
1472 4421 1538 4494 ὓβριν
