3684 5659
447 609 493 675 70
783 615 817 672 Γ.
846 612 919 672 ΤΟΥ
945 609 1198 672 ΠΑΧΥΜΕΡΟΥΣ

446 746 575 828 πόλεως,
595 747 647 809 καὶ
667 747 717 814 την
733 752 787 814 σην
805 745 881 830 μετά
898 751 956 806 τῶν
973 742 1071 826 ἀλλων
1088 739 1226 817 ἐξουσίαν
1244 741 1318 808 ὅπου
1335 743 1403 808 ποτ’
1421 745 1459 808 ἀν
1476 745 1540 810 ἐθέ-

446 853 509 929 λοις
525 855 617 932 ίέναι;
634 855 706 945 δρᾷς
719 853 787 928 τοὺς
799 853 844 918 ἐπί
857 861 915 917 τῶν
927 855 1026 944 ἀγρῶν
1039 855 1253 942 ἀτρεμοῦντας,
1269 852 1321 916 καί
1336 852 1403 939 μεθ’
1416 856 1539 930 ἁπάσης

445 961 553 1040 ἀδείας
570 968 609 1028 τά
625 969 699 1056 ἔργα
717 965 951 1055 μετερχομένους
967 966 1007 1027 τά
1020 959 1103 1046 ίδια,
1124 959 1243 1037 οῦδενὸς
1261 969 1345 1038 ὄντος
1361 969 1414 1028 τοῦ
1432 961 1538 1030 δεδίτ-

444 1079 549 1138 τεσθαι
574 1074 749 1162 μέλλοντος;
770 1075 842 1164 ὁρᾷς
865 1070 1030 1165 ὁδοιπόρων
1047 1073 1232 1164 ε’λευθερίαν,
1252 1076 1304 1139 καί
1324 1071 1470 1152 συνοδίας
1485 1079 1537 1142 καί

446 1188 617 1276 μεταφορὰς
633 1195 691 1250 τῶν
709 1187 885 1275 ἀναγκαίων
902 1182 933 1260 ἐξ
950 1180 1149 1269 ἀλλοδαπῶν,
1169 1186 1221 1248 καί
1238 1185 1324 1249 πόλιν
1340 1193 1434 1250 πᾶσιν
1452 1189 1538 1277 ἀγα·

445 1298 508 1370 θοῖς
522 1293 693 1386 βρόουσανς
711 1301 809 1360 ταῦτα
823 1305 875 1372 τῆς
887 1304 946 1359 τῶν
962 1303 1038 1365 νηῶν
1053 1294 1165 1369 ἐκείνης
1181 1294 1395 1387 πυρπολήσεως
1411 1299 1535 1386 ἔκγονα.

458 1384 465 1406 ‚

445 1411 568 1471 Εκεῖναι
593 1411 753 1473 καυθεῖσαι
779 1407 984 1497 ψυχαγωγίαν
1009 1407 1080 1492 ἡμῖν
1104 1405 1266 1476 ἐποίησαν·
1287 1407 1321 1470 τὸ
1345 1405 1464 1470 ἐκείνων
1481 1413 1538 1499 πῦρ

444 1523 502 1608 πῦρ
520 1517 639 1604 ἀνῆψαν
664 1527 727 1593 τοῖς
749 1520 826 1590 θεοῖς
844 1519 1056 1607 χαριστήριον·
1077 1512 1134 1600 τῷ1
1151 1515 1257 1602 μηκέτ’
1275 1511 1350 1580 εἶναι
1371 1515 1487 1592 ταύτας
1504 1520 1539 1582 τὸ

444 1623 595 1698 εἶναιτὴν
618 1629 703 1693 πόλιν
726 1624 939 1718 προεξένησαν.
966 1625 1005 1688 Σῦ
1029 1621 1063 1689 δὲ
1087 1626 1121 1689 τὸ
1145 1625 1197 1712 μὲν
1221 1625 1339 1690 ἀποῦάν
1362 1622 1459 1716 δέχῃ,
1485 1631 1538 1692 καί

443 1737 535 1802 καλὸν
560 1739 716 1829 ὁμολογεῖς
742 1740 793 1802 καί
812 1746 848 1806 τῆ
865 1737 949 1801 πόλει
966 1739 1131 1828 σωτήριον·
1161 1734 1191 1813 ἐξ
1212 1730 1252 1801 ὧν
1277 1733 1307 1800 δ’
1329 1736 1428 1808 ἀπέθη
1450 1744 1539 1805 τοῦτο

443 1851 598 1933 κακίζεις,
619 1852 670 1914 καί
696 1848 750 1913 οῦκ
773 1847 878 1923 ἐννοεῖς
903 1849 943 1922 ὡς
961 1848 1015 1912 οῦκ
1039 1849 1075 1912 ἀν
1097 1853 1184 1913 τοῦτο
1209 1846 1337 1932 συνέῦη,
1364 1847 1478 1913 ἐκείνου
1497 1851 1539 1936 μὴ

444 1961 600 2049 γεγονότος
617 1961 771 2050 πρότερον·
795 1959 896 2045 ὅμοιον
914 1959 1009 2050 ὥςπερ
1029 1959 1066 2022 ἀν
1084 1961 1207 2049 ἠγάπας
1225 1957 1278 2044 μἐν
1295 1957 1399 2049 ὑγείαν
1417 1963 1538 2032 κτησά-

444 2092 546 2154 μενος,
563 2067 593 2146 ἐξ
608 2064 647 2134 ὧν
663 2067 692 2134 δ’
706 2069 832 2161 ὑγιάνας
846 2052 926 2156 ἔχεις
940 2069 994 2134 οῦκ
1009 2065 1162 2157 ἀπεδέχου
1175 2075 1291 2153 ταῦτα,
1309 2065 1379 2134 οῦδὲ
1395 2073 1536 2161 σμικρόν.

444 2182 479 2243 Εἰ
501 2178 629 2270 μὲνγὰρ
650 2176 685 2251 ἦν
706 2179 805 2254 ἀλλως
825 2189 928 2263 νικᾷν,
949 2178 1016 2269 λέγε
1034 2181 1085 2243 καί
1107 2174 1255 2266 δέχομαι·
1276 2178 1391 2267 μάλλον
1408 2176 1443 2244 δέ
1462 2177 1539 2269 μηδὲ

443 2296 492 2353 νῦν
510 2291 589 2381 λέγε.
609 2271 693 2355 Ᾰλλά
711 2289 774 2355 τότ’
792 2286 852 2355 ἔδει
871 2289 983 2380 λέγειν,
1007 2297 1034 2354 εί
1054 2314 1082 2353 τι
1101 2289 1196 2379 λέγειν
1215 2285 1316 2378 εἶχες,
1336 2293 1389 2354 καί
1408 2289 1443 2355 σὲ
1462 2294 1540 2379 μετὰ

442 2409 500 2465 τῶν
513 2401 612 2466 ἀλλων
631 2402 868 2488 πολιτευόμενον,
886 2398 964 2487 κάμέ
981 2397 1011 2465 δ’
1026 2399 1145 2464 ἀκούειν
1158 2403 1210 2464 καί
1227 2403 1380 2490 πράττειν,
1397 2404 1422 2465 εί
1437 2401 1540 2477 καλῶς

443 2508 558 2588 ἐδόκεις
575 2513 671 2604 λέγειν
689 2523 730 2600 τῷ
747 2510 832 2600 δήμῳ
850 2538 881 2577 τε
899 2515 951 2576 καί
970 2521 1005 2600 τῇ
1023 2510 1119 2577 πόλει.
1141 2515 1177 2575 Εἰ
1202 2507 1232 2574 δ’
1251 2511 1305 2575 οῦκ
1326 2507 1361 2582 ἦν
1383 2511 1485 2587 ἄλλως
1505 2514 1539 2579 τὸ

443 2625 542 2693 κοινὴν
566 2623 733 2714 ἐλευθερίαν
760 2626 1043 2712 μεταχειρίζεσθαι,
1071 2624 1224 2713 συγχῶρει
1248 2621 1301 2709 μέν
1324 2624 1536 2713 τὸιπραχθέν,

443 2737 551 2824 ἀγάπα
569 2731 603 2797 δὲ
621 2736 673 2804 τὴν
686 2735 770 2799 πόλιν
784 2737 933 2798 συνθεῖσαν
950 2729 1034 2797 ἰδών.
1054 2714 1129 2797 Emi
1142 2736 1189 2797 τοί
1202 2735 1301 2824 γεκαὶ
1317 2733 1446 2809 πολλοῦς
1460 2730 1539 2810 ίδοις

435 2845 480 2927 ,ἀν
497 2844 635 2920 συνετοὺς
658 2847 751 2934 μικρά
774 2843 965 2934 προϊεμένους
987 2847 1078 2934 χάριν
1096 2844 1253 2934 μεγάλων,
1276 2846 1327 2908 καὶ
1346 2841 1538 2927 βλάπτεσθαι

444 2950 623 3042 δεχομένους
638 2955 727 3045 ὀλίγα
739 2953 855 3018 πολλῶν
869 2952 969 3017 ἕνεκα.
987 2957 1046 3018 Καί
1060 2958 1176 3041 μοικαί
1191 2955 1302 3030 ναύτας
1318 2951 1428 3038 βλέπε,
1450 2950 1538 3041 δεινῷ

443 3066 652 3156 χρησαμένους
677 3074 820 3152 χειμῶνι,
848 3063 989 3138 ἑκυῦσαις
1014 3068 1100 3156 χερσί
1126 3065 1223 3129 πολλὰ
1241 3075 1298 3130 τῶν
1316 3067 1444 3156 φορτίων
1466 3066 1539 3155 πρὸς

444 3176 601 3240 θάλασσαν
618 3179 793 3267 ρίπτυντας,
815 3177 854 3251 ὡς
873 3177 908 3238 ἀν
924 3177 977 3245 τὴν
995 3182 1066 3240 ναῦν
1084 3178 1134 3240 καί
1153 3175 1277 3251 ἑαυτοὺς
1294 3177 1436 3239 σώσωσι·
1459 3174 1538 3239 πολ-

443 3285 511 3360 λοῦς
536 3282 569 3350 δέ
594 3289 645 3350 καί
672 3289 724 3357 τὴν
749 3293 902 3379 ἀχρηστον
925 3284 1044 3355 ἡλικίαν
1069 3295 1121 3361 τῆς
1144 3286 1257 3361 πόλεως
1282 3284 1485 3360 ἐκθάλλοντας
1508 3284 1537 3349 ἐν

442 3406 539 3488 καιρῷ
564 3398 651 3484 λιμοῦ
676 3399 727 3462 καί
753 3397 946 3487 πολιορκίας,
972 3399 1020 3462 ίνα
1037 3399 1089 3467 τὴν
1108 3397 1192 3461 πόλιν
1209 3399 1475 3488 περιποιήσωνται.
1504 3399 1539 3459 Τί

428 3505 472 3605 ,δ’
491 3511 517 3573 οί
539 3510 612 3601 παρ’
631 3513 701 3597 ημῖν
721 3508 927 3602 ρητορεῦοντες
949 3509 993 3574 ἐπὶ
1017 3518 1130 3600 καιρῶν
1156 3506 1411 3594 συμθουλεῦουσις
1433 3533 1448 3561 «
1467 3514 1537 3572 Δῶ-

443 3643 494 3704 μεν
519 3646 551 3703 ν,
578 3624 687 3710 φασίν,
717 3645 733 3677 (ι
755 3620 860 3711 ὀλίγα,
889 3622 937 3685 ἵνα
966 3621 1105 3707 λάθωμεν
1127 3619 1266 3684 πλείονα·
1294 3620 1538 3709 καταπροώμεθα

441 3733 645 3818 πραγμάτων,
675 3733 699 3793 εί
725 3727 845 3812 δεήσει,
872 3733 922 3794 καί
949 3733 1068 3801 οἰκιῶν,
1094 3729 1142 3792 ίνα
1165 3724 1255 3804 δόξαν
1277 3729 1459 3814 κτησώμεθα
1485 3732 1536 3793 καὶ

441 3839 493 3908 τὴν
510 3839 677 3930 ἐλευθερίαν
693 3842 734 3926 μὴ
752 3839 952 3927 ἀπυθάλωμεν
967 3867 994 3904 ν.
1378 3818 1382 3828 .

490 3954 525 4015 Τί
549 3948 583 4015 δὲ
611 3953 661 4015 καί
694 3952 727 4014 τὸ
754 3952 876 4041 γεγονὸς
900 3950 993 4015 ἐκεῖνο
1017 3953 1102 4041 παρά
1125 3959 1183 4015 τῶν
1205 3951 1357 4040 προγόνων
1380 3946 1482 4035 ἡμῶν’
1504 3951 1537 4014 τὸ

476 4205 570 4263 ¹C0d.‚
601 4211 637 4256 τό.
668 4207 738 4256 Potui
768 4206 875 4256 scribere
904 4213 973 4258 τά...
1036 4203 1212 4266 Ὀοά.,ὐμῶ·ι.
1224 4202 1302 4262 Quum
1313 4200 1361 4249 dux
1373 4199 1454 4249 illesit
1465 4200 1537 4249 Athe·

442 4286 647 4350 προεξὲυησενεοδ
655 4289 743 4352 ἀνῆψαν
752 4305 790 4337 me
798 4287 976 4336 retinuit.(10n·
1004 4283 1093 4332 niensis
1111 4284 1177 4348 ipse,
1199 4291 1223 4329 et
1238 4280 1274 4328 avi
1294 4279 1430 4328 auditorum
1452 4278 1538 4344 suique

442 4362 556 4411 serendus
565 4363 708 4415 Plutarchus
721 4366 830 4416 Themst
847 4377 905 4421 ιτῆν
915 4361 977 4418 λθη-
1004 4362 1052 4412 sint
1071 4361 1246 4416 Athenienses,
1262 4358 1323 4408 dixit
1342 4359 1442 4407 omnino
1462 4364 1537 4422 ἡμῶν,

442 4447 511 4488 ναίων
521 4443 586 4489 πόλιν
597 4442 724 4499 ἀνέστησαν
734 4448 759 4492 αἱ
769 4453 871 4511 τριήρεις
881 4447 974 4492 ἐκεῖναι.
1005 4439 1070 4505 quod
1088 4438 1210 4502 rescripsi.
1229 4437 1357 4492 Vocalesn
1375 4455 1388 4485 υ
1406 4436 1498 4501 passim
1513 4436 1537 4484 in
