3684 5659
375 605 445 676 466
709 614 744 671 Γ.
773 613 847 673 ΤΟΥ
871 609 1128 673 ΠΑΧΥΜΕΡΟΥΣ

372 772 436 838 ρον,
451 749 618 834 ἡττώμενος
631 748 774 837 πράττει,
791 747 846 810 καὶ·
864 745 879 810 θ
895 747 983 820 νόσος
1001 746 1139 831 σώματι,
1157 748 1244 807 τοῦτο
1257 745 1354 818 πάθος
1367 743 1468 834 ψυχῇ.

371 836 466 948 ίλςπερ
492 850 541 922 ούν
568 853 667 933 οὐδεὶς
688 865 782 922 νοσῶν
808 857 1015 948 ἀποστραφείη
1039 852 1176 943 ὑγίειαν,
1204 849 1281 918 οθτω
1308 856 1361 918 καί
1387 855 1471 919 κατά

373 967 474 1055 ψυχὴν
491 966 686 1054 πλημμελῶν,
708 967 762 1031 οὐκ
780 967 816 1032 ἀν
832 967 884 1037 την
903 966 1009 1056 ἀρετὴν
1026 965 1067 1040 ὡς
1083 964 1177 1028 κακόν
1194 961 1398 1050 ύπολήψαιτο.
1413 966 1473 1030 Διά

372 1083 460 1143 τοῦτο
478 1081 530 1143 καὶ
551 1078 640 1169 λόγος
658 1079 740 1154 άπας
759 1081 801 1154 εἰς
824 1078 982 1141 νουθεσίαν
999 1077 1077 1163 μετά
1094 1080 1148 1139 τού
1166 1075 1263 1140 καλοῦ
1281 1073 1468 1152 ἀνύποπτος,

373 1189 429 1253 κάν
451 1186 481 1264 ε”ξ
504 1185 650 1259 ούδηποτε
675 1188 805 1278 λέγοιτο.
832 1190 869 1251 Τί
893 1192 991 1262 ζητεῖς
1014 1195 1077 1261 πῶς
1100 1187 1224 1276 πράττει
1249 1185 1301 1249 τόν
1323 1185 1469 1277 λέγοντας

373 1296 481 1391 πρᾶξις
509 1295 643 1364 δουλεύει
675 1301 726 1364 καὶ
755 1301 844 1364 πάθει
869 1300 920 1363 καὶ
949 1300 1090 1381 συνηθείᾳ
1115 1298 1168 1361 καί
1193 1299 1292 1361 ἔθεσι·
1319 1296 1412 1388 λόγος
1429 1293 1471 1363 δὲ

375 1408 486 1474 τούτοιν
513 1412 654 1475 ἁπάντων
680 1409 841 1502 ἐλεύθερος.
865 1413 901 1473 Εἰ
929 1405 1030 1493 βούλει
1059 1404 1110 1493 δέ,
1138 1410 1190 1472 καὶ
1220 1407 1334 1494 μᾶλλον
1359 1407 1393 1473 ἐκ
1418 1415 1471 1474 τοῦ

376 1521 548 1608 ἡττωμένου
566 1530 625 1586 τῶν
643 1524 747 1585 παθῶν
763 1516 939 1611 κερδανεῖς,
958 1518 1027 1601 ὅσον
1045 1518 1156 1595 ἐκεῖνος
1168 1514 1232 1583 οἶδε
1245 1520 1298 1583 καί
1311 1518 1346 1583 τό
1361 1515 1472 1608 αἶσχος

375 1631 508 1724 άκριθῶς
533 1633 651 1716 ὁποῖον,
679 1634 730 1696 καί
752 1632 804 1701 τὴν
826 1625 919 1702 ἧτταν
940 1631 1049 1695 ὁπόσον
1065 1630 1187 1721 πικρόν·
1209 1631 1346 1721 καθάπερ
1366 1630 1471 1718 ἀμέλει

374 1746 425 1807 καὶ
447 1745 532 1834 ποιρά
549 1752 607 1808 τῶν
625 1741 789 1808 νοσούντων
807 1741 952 1832 ἀσφαλῶς
968 1767 1013 1818 τις
1031 1738 1141 1813 εἰδείηι
1159 1742 1196 1806 ἀν
1215 1741 1325 1806 ὁπόσον
1342 1741 1472 1813 καλόνὴ

373 1852 486 1943 ὑγίεια.
504 1857 650 1945 Κρείττων
664 1850 778 1924 ἡδονῶν
790 1856 867 1918 ἰ’σθι.
881 1854 928 1924 Μὴ
938 1857 1003 1946 περὶ
1021 1853 1118 1925 κάλλη
1128 1858 1220 1918 πτοού
1234 1861 1292 1918 τῶν
1303 1861 1468 1944 γυναικῶν,

373 1961 452 2050 μηδέ
472 1988 506 2028 σε
530 1965 604 2056 γυνη
629 1963 814 2053 πυγοστόλος
835 1959 1033 2049 ἐξαπατάτω,
1054 1961 1272 2053 dduopzodeiq²
1291 1965 1345 2034 τὴν
1364 1966 1471 2055 σοφίαν

373 2075 457 2162 παρά
478 2079 604 2138 Μουσῶν
627 2055 780 2163 Ᾰσκραῖος
798 2076 899 2164 φησίν.
919 2079 955 2138 Εἰ
976 2071 1010 2140 δέ
1026 2101 1060 2166 γε
1078 2076 1224 2185 πολλάκις
1240 2071 1472 2166 συναρπασθῄς’

372 2185 390 2254 il
418 2187 469 2248 καὶ
495 2185 593 2271 ἁλῷς,
618 2185 704 2260 εὐθὺς
725 2181 870 2256 ἀποπηδοι
896 2188 947 2250 καὶ
972 2186 1013 2273 μὴ
1038 2185 1168 2273 ἐπίμενε.
1191 2186 1322 2260 Εκείνως
1339 2184 1394 2272 μὲν
1411 2186 1469 2277 γὰρ

374 2296 481 2386 πόρνος
499 2295 654 2385 κληθήσῃ·
677 2293 753 2360 ούτω
772 2291 805 2360 δὲ
821 2295 1004 2388 πορνεύσας,
1025 2299 1243 2388 συφρνωσθιόσρ
1254 2304 1307 2371 τῆς
1321 2298 1467 2379 ἀτοπίας,
1488 2280 1492 2287 ⁵

374 2409 414 2484 ὡς
431 2410 600 2501 άνθρωπος.
620 2404 702 2473 Οἶδα
726 2408 759 2472 τό
782 2410 878 2484 πάθος
899 2409 951 2472 καὶ
973 2417 1035 2484 τοῖς
1055 2409 1157 2494 νόμοις
1174 2407 1277 2482 αὐτοῖς
1296 2409 1468 2499 προςτιμῶ·

407 2630 415 2657 ⁴
429 2631 511 2681 Codex
523 2633 606 2688 εἰδοίη.
620 2630 742 2697 Rescripsi
752 2630 818 2696 quod
830 2631 910 2697 poscit
937 2630 1022 2680 modus
1034 2641 1072 2680 est
1080 2630 1196 2695 loquendi
1209 2630 1278 2681 valde
1289 2631 1402 2682 usitatus.
1414 2631 1470 2683 Phi-

373 2725 430 2758 usus
444 2719 469 2758 et
479 2725 572 2758 norma.
587 2711 760 2760 pronunciatio
770 2710 856 2760 similis
865 2726 909 2760 vo·
936 2708 1051 2759 lostratus
1065 2709 1142 2773 Epist.
1157 2710 1189 2756 39
1202 2729 1209 2758 ε
1222 2715 1311 2778 ἤρα...
1327 2715 1342 2767 ἡ
1358 2717 1469 2778 Δημήτηρ

373 2787 461 2836 ealium
475 2787 628 2837 dissimilium
642 2787 667 2836 id
680 2789 745 2853 parit
755 2790 815 2838 vitii.
825 2789 909 2837 Helio·
938 2799 983 2838 τῶν
997 2795 1029 2838 τὰ
1044 2788 1104 2844 ἄστη
1116 2789 1156 2837 οὒκ
1168 2789 1272 2839 εἰδότων.
1287 2787 1323 2838 lbi
1337 2789 1415 2840 multa
1427 2805 1469 2854 ap·

374 2866 462 2928 dorus,
479 2869 503 2926 1,
518 2867 549 2912 95
564 2886 570 2913 z
585 2877 632 2922 πῶς
647 2863 685 2916 σύν
700 2867 738 2916 οὒκ
752 2869 779 2916 ἂν
792 2869 839 2924 εἴης
851 2870 909 2917 άτο-
936 2868 1015 2932 posui.
1032 2866 1195 2932 Porphyrius,
1211 2868 1242 2916 de
1258 2867 1365 2923 llbstin..
1386 2873 1414 2924 1,
1430 2872 1468 2927 37,

373 2964 424 3003 πος,
438 2948 458 2993 εἰ
470 2952 509 2994 τὸν
520 2948 638 3014 βοίρθαρόν
650 2965 679 3014 με
690 2952 731 2994 τοῦ
742 2944 859 3003 Ἕλληνος,
869 2954 908 2995 τὸν
936 2957 991 3010 post
999 2947 1123 2995 Platonem
1132 2946 1233 3008 [Theaet.
1242 2946 1295 3010 78):
1305 2945 1359 2997 οὔτε
1367 2956 1409 3004 τὴν
1419 2949 1468 2998 ὁδον

373 3026 457 3091 λῃστὴν
474 3029 515 3071 τοῦ
531 3025 661 3089 ἐρωμένου,
676 3027 793 3080 πιστεύοις
807 3026 910 3092 ἑπιπρό-
936 3027 996 3074 οἶδεν
1014 3027 1071 3075 ὅπου
1085 3033 1111 3075 τὸ
1124 3027 1281 3093 δικαστήριον.
1299 3025 1370 3075 Adde
1390 3027 1467 3090 Bergl.

373 3107 423 3151 σθεν
442 3103 520 3165 ἅρπη
541 3101 624 3151 Codex
637 3100 744 3150 Venetus
763 3105 906 3161 πιστεύσεις,
936 3105 967 3154 ad
979 3104 1102 3168 Aleiphr.‚
1120 3109 1142 3164 l,
1157 3106 1195 3154 ll.
1208 3104 1356 3154 Claudianus
1367 3106 1399 3155 de
1414 3110 1481 3154 sene'

374 3181 491 3244 impositis
510 3180 638 3244 posteriori
655 3201 668 3228 σ
683 3180 778 3243 punctis
796 3179 906 3240 duobus,
935 3183 1092 3232 Veronensi:
1110 3202 1121 3226 ι
1136 3184 1221 3233 vieinae
1243 3184 1341 3234 nescius
1363 3185 1431 3236 urbis
1447 3203 1468 3231 ι.

373 3275 427 3324 quae
440 3258 569 3307 delendam
581 3259 685 3307 litteram
697 3258 842 3321 significant.
856 3259 906 3309 Re·
934 3261 1042 3310 Fenelon
1052 3263 1242 3313 Telemaeheide
1255 3283 1261 3312 ι
1277 3263 1337 3313 «les
1347 3265 1469 3327 e'trangers

373 3348 456 3388 innuet
468 3341 598 3399 πιστεύεις,
611 3339 676 3402 quod
688 3338 782 3402 placet;
796 3353 842 3387 nee
857 3338 908 3387 dis·
935 3340 1044 3390 oublient
1055 3358 1104 3405 peu
1116 3342 1129 3389 ὲ
1142 3357 1190 3406 peu
1203 3343 1226 3390 le
1239 3341 1336 3391 chemin
1348 3341 1379 3390 de
1388 3341 1437 3407 Tyr
1446 3360 1467 3389 ι.

373 3417 475 3482 plieeret
507 3418 621 3467 futurum.
655 3415 788 3479 libanius,
818 3429 836 3467 t.
861 3417 907 3477 IV,
969 3417 1469 3484 ’Hesiodumvidelieetllscraeum,quem

374 3513 399 3560 p.
417 3498 465 3546 432
479 3517 485 3545 z
498 3505 563 3561 ι,κοίη
584 3496 604 3545 δ’
623 3496 651 3545 ἀν
669 3518 704 3553 τις
720 3497 797 3545 αὐτῶν
811 3505 853 3553 τὴν
867 3508 908 3555 τῆς
935 3498 1106 3548 Musaseluisse
1116 3498 1287 3548 exmaleleeto
1297 3499 1336 3548 vel
1346 3499 1469 3548 intellecto

374 3579 475 3632 ἀτοπίας
487 3576 624 3643 ύπερθολήν,
640 3578 660 3624 εἰ
674 3581 705 3625 τὰ
721 3582 800 3642 πρώην
812 3595 907 3639 γεγενη-
935 3576 999 3626 male
1017 3576 1164 3641 Theogoniae
1183 3595 1253 3627 versu
1271 3577 1383 3626 nonnulli
1400 3587 1470 3626 vele-

373 3663 432 3718 μένοι
452 3659 493 3706 διὰ
510 3662 617 3724 βραχέων
638 3659 729 3706 ἀκούσοι
749 3657 907 3719 διηγουμένου.
935 3672 988 3704 rum
1000 3655 1157 3705 crediderunt
1167 3677 1173 3705 ε
1185 3663 1233 3705 Καί
1241 3676 1282 3720 μοι
1292 3667 1409 3723 σκῆπτρον
1421 3656 1469 3704 ἔδον

373 3733 457 3782 Codex
477 3736 582 3790 ἀκούσει,
603 3734 768 3797 superscriplo
789 3754 820 3783 οι.
840 3735 910 3783 Prae·
936 3736 1023 3801 δάφνης
1037 3738 1152 3803 ἐριθηλέος
1166 3736 1217 3797 ὄζον
1229 3740 1362 3804 Δρέψασθαι
1376 3739 1468 3791 θηητόν.

374 3811 425 3859 lero
447 3811 563 3860 futurum.
585 3811 691 3874 Symeon
711 3811 777 3860 Selhi
799 3812 907 3872 loheel,
935 3810 981 3861 Ubi
990 3813 1046 3862 vide
1056 3813 1174 3878 Lennepii
1185 3813 1230 3862 viri
1241 3813 1331 3862 erudit.
1343 3811 1471 3862 Commen-

377 3890 421 3936 149
433 3909 439 3939 :
452 3894 463 3940 ό
475 3896 555 3956 πικρός
565 3896 667 3955 καρπός,
681 3892 722 3939 κᾶν
735 3894 845 3948 πολλάκις
856 3892 908 3940 ἐπι·
938 3892 1038 3952 iariuin,
1058 3909 1083 3956 p.
1106 3895 1161 3942 llss.
1181 3890 1293 3955 Sophiste
1313 3892 1421 3955 respexit
1433 3888 1469 3941 'm

373 3973 458 4038 χρισθῇ
471 3973 564 4032 μέλιτι,
581 3967 621 4017 οὒκ
635 3966 681 4017 εἶδε
696 3975 852 4033 μετατρέπειυ
867 3978 908 4026 τὴν
937 3972 984 4018 370
998 3991 1003 4018 :
1016 3973 1081 4027 Μηδὲ
1095 3979 1150 4034 γυνή
1162 3991 1186 4020 σε
1198 3976 1247 4020 νόον
1261 3975 1404 4034 πυγοστόλος
1414 3973 1470 4029 ἐξοι-

373 4052 458 4098 οἰκείοιν
481 4053 613 4117 πικρότητα
638 4050 671 4105 εἰς
691 4052 832 4113 γλυκύτητα.
855 4049 907 4098 Non
936 4054 1040 4099 πατάτο.

373 4127 434 4185 εἶδε,
453 4127 497 4177 sed
514 4127 573 4178 οἶδε.
589 4126 733 4178 Plutarchus
751 4128 782 4177 de
796 4128 870 4177 llario
885 4129 908 4176 in
970 4127 1169 4198 ὕΣυνοιμιιοισθῇς]
1205 4127 1230 4176 id
1260 4124 1362 4176 verhmn
1391 4125 1469 4191 putavi

373 4203 440 4267 ejus,
453 4222 476 4255 c.
488 4207 501 4251 3
515 4225 521 4254 :
535 4207 575 4271 δφέ
587 4226 645 4256 ποτε
654 4215 695 4262 τὴν
707 4211 773 4256 πόλιν
785 4205 840 4255 εἶδε.
852 4207 909 4255 Pro·
935 4207 1104 4271 reponendum
1123 4224 1150 4273 p.
1170 4208 1214 4256 105
1228 4226 1234 4255 :
1248 4211 1347 4263 πολίτην
1365 4209 1411 4257 ἀπὸ
1429 4211 1471 4256 θυ-

373 4297 438 4345 pono
457 4282 519 4341 οἶδε,
538 4284 582 4332 etsi
600 4285 647 4334 εἶδε
663 4287 808 4334 sententiam
823 4285 909 4333 efficiat
936 4293 995 4349 μοῡ,
1010 4289 1023 4341 ἢ
1038 4294 1206 4354 συνοιρπαφείς,
1222 4289 1236 4342 ἢ
1254 4291 1384 4354 βασκήνας,
1396 4289 1470 4352 πεφό-

374 4374 421 4406 non
434 4359 535 4418 mulam,
549 4376 594 4409 nee
606 4363 719 4421 codices,
733 4362 797 4428 quod
809 4362 906 4428 quidem
935 4383 1010 4413 νευκα.
1026 4364 1110 4414 Codex
1124 4371 1209 4430 θυμοῦ,
1223 4367 1237 4420 ἣ
1251 4375 1409 4430 europus-1515.
1418 4362 1470 4411 llo-

371 4438 480 4485 noverim
500 4435 653 4488 dissentient.
671 4440 721 4489 Sed
740 4444 805 4491 πόλιν
821 4442 907 4491 εἰδέναι
935 4457 994 4490 ποτε
1006 4443 1101 4507 neglexi
1114 4442 1255 4507 imprudens
1270 4442 1370 4508 proprio
1381 4441 1444 4490 loeo.
