3684 5659
803 634 960 694 ΜΕΛΕΤΙΙ
988 623 1045 694 lA'.
1404 635 1476 705 209

428 771 467 832 Εἰ
485 766 539 855 μὲν
554 768 652 831 τοίνυν
668 765 714 831 ε’πλ
732 775 795 842 τοῖς
812 762 993 854 θυςτυχοῦσι
1014 769 1068 842 τάς
1089 767 1204 854 ψήφους
1225 777 1278 843 τῆς
1300 768 1474 850 καταδίκης

379 881 492 944 εἴθισθε
517 878 631 970 φέρειν,
658 877 791 969 φονεύετε
821 877 987 968 παρευθύς,
1019 881 1071 943 καὶ
1096 875 1196 955 οῦθεὶς
1222 880 1310 970 λόγος
1338 881 1402 968 ἐμοὶ
1431 886 1472 970 μη

380 988 506 1057 δικαίαν
522 991 576 1061 τήν
593 986 680 1061 θίκην
697 990 869 1080 ὁμολογεῖν·
891 994 914 1054 εἰ
935 986 964 1053 θ’
984 989 1030 1054 ἐπὶ
1048 999 1111 1064 τοῖς
1129 985 1270 1055 ἀθικοῦσι
1284 994 1334 1055 καί
1352 995 1472 1078 μόνοις,

379 1102 482 1179 καθὼς
499 1104 551 1167 καλ
572 1101 783 1189 ὂμωμοσμένου
799 1100 868 1188 ὑμῖν
891 1101 972 1184 ἐστί,
993 1102 1045 1165 καὶ
1068 1103 1176 1176 πάντες
1199 1104 1399 1192 ουμρήσαιεν,
1421 1103 1475 1168 οῦκ

379 1208 489 1289 ἄθικος
512 1212 573 1303 ἐγὼ
594 1214 628 1277 τὸ
651 1214 809 1303 παράπαν,
832 1212 911 1276 ἀλλὰ
933 1208 1089 1298 θυςτυχῶυ
1105 1208 1217 1299 κομιθή
1238 1214 1290 1277 καὶ
1311 1209 1475 1303 θυςτυχίαν

380 1328 472 1400 ὅντοις
488 1322 625 1389 ἑκούσιον
643 1323 708 1411 μέν,
728 1321 797 1387 ἀλλ’
817 1325 990 1415 ἀναγκαίαν
1010 1325 1062 1386 καί
1082 1324 1124 1409 μθ
1143 1319 1306 1412 δεχομένην
1324 1327 1476 1416 παραίτη-

379 1456 443 1519 σιν,
471 1430 534 1500 ἔθει
560 1457 632 1525 γουν
655 1436 707 1498 καὶ
731 1434 781 1497 τὸν
805 1432 874 1519 ἐμόν
896 1439 1000 1497 τοῦτον
1022 1437 1205 1524 κατήγορον,
1231 1440 1311 1525 εἴπερ
1330 1435 1415 1505 ἤθελε
1436 1439 1476 1499 τά

378 1545 452 1637 πρὸς
476 1543 528 1632 ἐμὲ
554 1541 662 1609 δίκαια
683 1547 837 1634 πράττειν,
855 1544 1043 1632 παρακαλεῖν
1061 1544 1114 1608 σῦν
1133 1554 1196 1619 τοῖς
1217 1545 1320 1620 ἀλλοις
1337 1549 1389 1609 καὶ
1408 1571 1475 1612 πα-

377 1657 582 1745 ραμυθεῖσθαι
600 1656 653 1725 τὴν
669 1656 837 1745 συμφοράν,
859 1656 930 1737 καί,
951 1659 976 1718 εί
994 1654 1046 1741 μἐν
1065 1659 1177 1745 φθονῶν
1194 1658 1246 1720 καί
1265 1658 1407 1748 πρότερον
1423 1653 1472 1740 ἦν,

377 1766 481 1856 λήγειν
496 1771 550 1831 τοῦ
566 1769 699 1849 πάθους,
720 1765 939 1852 ἐμπιπλάμενον
956 1775 1009 1841 τῆς
1027 1763 1167 1858 ὀρέξεως·
1188 1769 1217 1829 τί
1235 1768 1294 1858 γάρ
1312 1768 1387 1832 ἄλλο
1406 1778 1474 1854 μεῖ-

378 1880 429 1953 ζον
446 1877 542 1942 κακὸν
562 1877 705 1948 ἠθέλησεν
724 1875 770 1941 ἐπ’
789 1875 852 1963 ἐμοὶ
877 1877 947 1947 ἣτὸ
970 1878 1064 1968 παρὸν
1081 1882 1186 1960 τοῦτο,
1211 1871 1235 1963 ᾧ
1255 1874 1292 1948 θη
1312 1881 1363 1942 καὶ
1384 1881 1475 1944 συνέ-

376 2005 494 2075 χομαι·
514 1991 540 2052 εἰ
557 1984 591 2052 θὲ
607 1989 658 2052 καλ
677 1997 745 2063 ταῖς
761 1987 916 2063 ἀληθείαις
929 1988 1084 2079 συνήλγει,
1103 1999 1282 2079 κατηγορεῖν
1297 1990 1349 2055 οῦκ
1366 1990 1469 2081 ἐχρην,

377 2097 410 2163 θν
433 2097 511 2173 τέως
533 2097 723 2189 παρακαλεῖν
747 2093 826 2181 ἔθει,
852 2099 903 2162 καί
927 2094 1132 2190 συνθιαρέρειν
1155 2100 1208 2168 τὴν
1231 2104 1386 2193 συμροράν
1408 2105 1473 2166 πά-

377 2232 497 2297 σχοντι.
523 2190 598 2274 Επεὶ
623 2204 652 2273 θ’
678 2208 707 2283 ἐς
731 2214 873 2273 τοσοῦτον
899 2209 913 2272 ὁ
939 2210 1043 2299 φθόνος
1065 2208 1155 2274 αὐτὸν
1177 2211 1300 2300 κατέχει
1324 2212 1396 2287 ὥςτε
1420 2217 1471 2278 καὶ

376 2321 468 2392 τόσην
492 2321 650 2411 συμροράν
675 2316 844 2395 ἀναξαίνειυ
874 2318 984 2402 θέλειν,
1016 2322 1067 2383 καί
1098 2332 1274 2411 συγκροτεῖν
1303 2323 1372 2386 κατ’
1400 2324 1472 2410 ἐμοῦ

377 2426 604 2522 δικαστάριου1,
637 2426 746 2518 δέομαι
775 2428 897 2520 μικρὸν’
920 2433 1052 2494 οἰκοῦσαι
1082 2433 1201 2517 κάμοῦ,
1233 2434 1285 2495 καί
1318 2434 1472 2517 μαθόντας

376 2540 457 2619 ὅπως
473 2542 540 2629 ἐμοὶ
556 2544 596 2606 τά
612 2544 693 2607 κατά
708 2542 758 2607 τὸν
776 2537 876 2607 παῖθα
894 2538 1018 2625 ξυνέέη,
1039 2538 1115 2605 ούτω
1134 2543 1241 2630 κρίνειν
1257 2540 1377 2606 λοιπόν·
1398 2544 1438 2618 ὡς
1455 2545 1471 2608 ὅ

375 2678 404 2717 τι
419 2652 458 2718 ἀν
473 2652 659 2727 ἀκούσαντες
683 2651 837 2727 εὐσταθῶς
858 2654 1004 2742 κρίναιτε,
1024 2650 1106 2715 τοῦτ’
1125 2650 1252 2737 εῦμευώς
1275 2653 1361 2743 κάγὼ
1380 2648 1469 2728 θέξο-

375 2790 450 2851 μαι,
472 2765 515 2853 μὴ
533 2773 601 2840 ταῖς
617 2768 670 2828 τοῦ
688 2764 857 2856 κατηγόρου
875 2765 1109 2854 συκοφαντίαις,
1130 2760 1209 2826 ἀλλά
1229 2770 1297 2837 ταῖς
1314 2760 1471 2854 ὑμετέραις

375 2874 506 2967 ψήφοις,
532 2870 582 2950 αἷς
606 2877 739 2963 εἴθισμαι
757 2874 919 2963 λαμθάνειν
937 2874 1083 2949 πολλάκις
1101 2873 1284 2965 ἀριστεύσας
1304 2876 1344 2938 τά
1363 2872 1467 2965 γέρεά,

375 2988 426 3050 καί
452 2986 565 3058 ταύτην
589 2986 641 3056 τὴν
668 2982 754 3058 θίκην
782 2988 1039 3076 ἀπενεγκάμενος,
1066 2985 1123 3048 κάν
1147 2983 1203 3055 όση
1228 2986 1279 3049 καὶ
1309 2985 1359 3048 οίοι
1385 3009 1469 3073 συμ-

375 3095 452 3187 πέσῃ
469 3122 535 3186 μοι.
581 3126 585 3131 ·

421 3207 574 3295 Βούλομαι
595 3203 646 3272 δὲ*
664 3210 776 3272 ἀνωθεν
790 3209 829 3271 τά
852 3205 919 3271 κατ’
943 3205 1071 3293 ἐμαυτὸν
1093 3208 1197 3290 εἰπεῖν,
1222 3208 1294 3290 καί,
1319 3208 1359 3282 ὡς
1385 3207 1465 3289 ἐνόν,

374 3314 601 3409 διηγήσασθαι·
624 3318 699 3388 πλὴν
719 3318 777 3406 οῦχ
800 3318 873 3394 ὥςτε
893 3319 946 3382 καί
967 3318 1223 3407 περιαντίσασθαι
1246 3317 1264 3387 ἢ
1289 3317 1391 3382 ἐνόντα
1418 3346 1468 3406 μοι

374 3425 473 3507 δεῖξαί
491 3452 558 3495 τινα
583 3432 825 3522 κατορθώματα,
844 3463 894 3477 -
911 3424 980 3493 οῦθέ
1004 3428 1063 3517 γάρ
1087 3434 1145 3490 τῶν
1168 3426 1311 3491 τοιούτων
1332 3429 1346 3490 ό
1364 3432 1467 3518 παρὼν

373 3542 492 3632 καιρός,
505 3536 572 3605 οὐθ’
587 3539 738 3631 ἐγγύς-
751 3540 819 3606 ἀλλ’
834 3541 905 3616 ὥςτε
920 3536 1012 3610 θήλην
1027 3536 1166 3628 γενέσθαι
1181 3538 1233 3606 τὴν
1248 3536 1320 3624 ἐμὴν
1334 3541 1467 3629 ἀρχῆθεν

372 3655 560 3745 προαίρεσιν,
586 3654 638 3717 καὶ
666 3652 710 3718 ότι
733 3654 834 3744 πόρρω
855 3654 955 3726 πάσης
972 3653 990 3720 ἡ
1008 3651 1111 3740 γνώμη
1135 3647 1339 3740 θρασύτητος,
1363 3651 1404 3736 μὴ
1422 3651 1466 3716 ότι

371 3761 402 3852 γ’
419 3766 463 3838 είς
481 3765 607 3847 οἰκεῖον,
628 3761 696 3827 ἀλλ’
715 3759 780 3827 οὐθ’
799 3766 841 3837 εἰς
858 3762 1010 3826 ὁντιναοῦν
1026 3767 1084 3824 τῶν
1100 3759 1246 3844 πολιτῶν,
1268 3763 1466 3852 σκαιωρεῖνῆ

370 3871 568 3965 κοικουργεῖνΙς
589 3874 799 3962 ἀνασχομένου
819 3874 868 3938 τὸν
887 3873 1009 3938 άπαντα
1030 3873 1136 3963 χρόνον
1154 3870 1185 3935 όν
1202 3867 1240 3940 θη
1262 3872 1313 3934 καί
1332 3873 1461 3937 πεπολί-

370 4007 478 4071 τευμαι
494 3984 568 4076 παρ’
584 3983 666 4072 ὑμῖν.

403 4238 412 4264 ¹
424 4236 487 4287 Vide
498 4252 524 4300 p.
540 4236 599 4297 1⁴4,
612 4250 638 4287 n.
653 4238 677 4285 2.
964 4230 1067 4281 ι801101.
1079 4250 1085 4279 ι
1097 4235 1298 4297 προκατάστασις.

402 4315 413 4342 ⁸
424 4314 524 4377 Codex,
538 4318 621 4380 δέομαι
641 4320 723 4381 μικρὸν
738 4314 836 4377 δέομαι,
852 4327 900 4376 po·
963 4310 973 4335 '⁵
984 4310 1024 4359 Sic
1034 4309 1126 4368 codex,
1137 4321 1269 4378 σιαιωριῖν,
1282 4311 1356 4360 verbo
1368 4311 1463 4362 abonis

369 4396 472 4447 ιιειίοτε
482 4395 557 4446 verbo
570 4394 654 4445 subtus
667 4404 749 4453 notato
762 4394 866 4459 punctis.
929 4388 1088 4453 scriptoribus
1098 4403 1183 4450 parum
1196 4389 1299 4451 usitato,
1312 4389 1378 4456 quod
1391 4390 1463 4440 veluti

403 4473 524 4534 ἀνω,
540 4481 620 4543 γέρρα,
929 4467 1093 4532 explicaturus
1103 4478 1237 4535 κακουργεῖν
1250 4468 1326 4518 addit.
1339 4468 1418 4533 Atque
1429 4470 1464 4520 sic
