3684 5659
801 638 957 703 ΜΕΛΕΤΗ
984 629 1041 702 1A'.
1395 641 1435 709 21
1446 643 1459 711 ί

371 776 500 841 νώσκειυ
518 771 572 839 ἀπ’
591 772 728 849 ἐναντίας
749 775 858 862 ἔχοντα
875 774 925 838 τὸν
941 775 1004 839 υἱὸν
1020 777 1072 839 καί
1092 775 1158 841 λίαν
1175 775 1358 865 ἐθαύμαζον.
1378 782 1415 843 Εί
1433 777 1467 845 δὲ

372 886 493 971 καλῶς,
514 886 556 960 ὡς
574 880 674 966 δοκῶ,
695 883 881 975 μετέρχομαι
897 886 951 956 την
968 889 1059 970 ζωήν,
1076 889 1203 952 κάκεῖνα
1217 891 1339 979 πράττω
1355 889 1413 955 ὅσα
1428 887 1466 962 δὴ

371 998 424 1063 καί
443 1005 488 1085 τῷ
507 992 595 1084 δήμῳ
613 995 756 1087 συμφέρει
769 998 880 1083 κάμοί,
901 999 948 1061 σοί
966 997 1068 1062 λοιπόν
1085 998 1147 1062 ἐστι
1165 1000 1198 1064 τὸ
1216 1004 1387 1087 μιμεῖσθαι.
1407 1005 1465 1066 Καὶ

371 1110 398 1173 εί
415 1104 470 1195 μὲν
484 1105 560 1242 παρ’
575 1107 675 1172 ἄλλων
689 1105 809 1194 ἔμελλες
826 1105 989 1193 λαμὸάνειν
1005 1109 1058 1179 τὴν
1075 1105 1246 1196 παίδευσιν,
1268 1107 1329 1176 ἔδει
1348 1136 1396 1177 σοι
1413 1117 1465 1178 καί

371 1218 466 1283 κόπου
484 1220 537 1283 καί
557 1220 686 1310 χρόνου,
710 1215 795 1304 οίμοιι
821 1213 855 1281 δὲ
878 1219 930 1282 καί
959 1214 1209 1307 δαπανημάτων
1200 1230 1309 1286 ικανών
1324 1229 1399 1314 πρὸς
1414 1249 1467 1296 την

354 1329 556 1417 “μάθησιν·’
542 1331 604 1395 επεί
625 1325 659 1393 δίε
677 1353 776 1420 πατηρ
795 1353 810 1392 ο
799 1325 992 1461 παιδεύων,
1020 1329 1105 1463 φύσει
1126 1339 1179 1407 τῆς
1201 1334 1308 1423 άρετης
1331 1335 1467 1426 είςφέρων

369 1436 571 1533 διδάγματα,
597 1422 779 1530 Ᾰχιλλεὺς”
762 1463 831 1525 εσο,
853 1441 926 1533 πρὸς
946 1439 996 1528 ε’με
1017 1443 1058 1517 ὡς
1080 1442 1153 1580 πρὸς
1176 1442 1310 1513 Πηλέα
1298 1453 1386 1536 ορῶν.
1407 1449 1466 1512 Καί

371 1553 521 1644 μετέρχου
544 1552 615 1640 μέν,
645 1554 685 1628 ὡς
709 1553 806 1635 εἰκός,
832 1551 1024 1643 σωφροσύνην
1046 1551 1115 1617 κατ’
1139 1552 1190 1641 ἐμὲ
1211 1555 1261 1619 τὸν
1283 1559 1464 1649 χεννλτορα

374 1660 445 1730 οὐδὲ
462 1666 523 1756 γάρ
542 1667 605 1753 ἔχει
622 1688 668 1739 τις
684 1659 781 1739 δεῖξαι
795 1664 835 1738 ὡς
852 1662 929 1752 άλλη
947 1665 1002 1728 τινί
1018 1665 1104 1754 παρά
1115 1665 1168 1735 τὴν
1181 1666 1236 1736 οην
1250 1666 1365 1757 μητέρα
1378 1692 1469 1759 προς·

372 1774 466 1865 ε’σχον
481 1777 533 1841 τὸν
547 1773 732 1866 ὀφθαλμόν1’
755 1774 901 1866 μετέρχου
917 1771 1015 1840 δὲκαὶ
1032 1774 1090 1840 ὅσα
1105 1779 1147 1851 εἰς
1160 1772 1300 1867 ἀνδρείαν
1313 1780 1397 1870 θηχει
1414 1782 1466 1844 καί

371 1885 525 1974 πολεμικά
546 1886 749 1974 σκάμματα’·
776 1886 815 1961 ὡς
839 1887 875 1950 άν
897 1885 1008 1951 ἐκεῖθεν
1030 1885 1083 1974 μὲν
1103 1887 1137 1951 τὸ
1163 1888 1268 1974 σεμνὸν
1289 1891 1372 1977 ἔχοις
1394 1891 1468 1980 πρὸς

372 1999 507 2082 πάντας,
526 1998 578 2062 καὶ
598 1991 642 2072 οἷς
659 1999 853 2088 παρρησιάζη
872 1998 1008 2088 τίν’παρά
1023 2000 1142 2062 πάντων
1158 1999 1407 2090 συχκεχωρηκός,
1428 2000 1469 2074 ὡς

372 2103 535 2199 ὑπερτέρου
552 2105 747 2193 νομιζομένου
771 2112 822 2170 τοῦ
845 2110 1058 2197 παραστάντος
1080 2110 1181 2184 πάσης
1200 2105 1340 2200 ὀρέξεως,
1364 2108 1398 2173 ἐκ
1415 2115 1469 2174 τοῦ

371 2219 425 2281 καί
445 2215 479 2281 σὲ
497 2224 555 2281 τῶν
570 2219 675 2282 παθῶν
699 2214 774 2282 εἶναι
795 2221 969 2309 κρείττονα’
994 2217 1124 2282 ἐντεῦθεν
1145 2215 1179 2283 δὲ
1200 2221 1233 2283 τὸ
1250 2217 1322 2312 ὑπὲρ
1339 2229 1392 2295 τῆς
1408 2222 1468 2285 πό-

373 2327 449 2403 λεως
466 2330 671 2419 ἀγωνίζεσθαι
688 2329 763 2419 πρὸς
782 2327 851 2403 τοὺς
872 2328 1041 2413 ἐναντίους,
1065 2328 1119 2392 οὐκ
1140 2332 1252 2393 οἰκείου
1272 2335 1324 2393 τού
1345 2325 1469 2419 κέρδους

372 2440 425 2503 καί
443 2438 516 2504 κατ’
535 2434 644 2530 ὄρεξιν8
659 2438 872 2530 προκειμένου,
893 2439 973 2503 άλλδι
989 2444 1107 2522 κοινοῦ,
1124 2440 1175 2503 καί
1195 2438 1229 2502 ού
1247 2438 1360 2525 μᾶλλον
1378 2445 1432 2502 σού
1450 2440 1468 2510 ἢ

373 2551 476 2625 πάσης
498 2556 551 2625 τῆς
572 2549 699 2626 πόλεως.
725 2549 790 2615 Οὐκ
817 2550 904 2640 ὀλίγοι
932 2545 965 2614 δὲ
990 2548 1194 2636 συλλαμὲάνει
1217 2552 1268 2614 καὶ
1294 2549 1469 2640 σωφροσύνη

374 2661 448 2752 πρὸς
471 2662 644 2751 ἀριστείαν,
671 2660 715 2726 ὅτι
741 2663 793 2725 καί
821 2663 925 2725 παθῶν
948 2662 1088 2751 κρείττων
1109 2685 1154 2735 τις
1171 2659 1212 2724 ίον
1230 2661 1282 2724 καὶ
1301 2664 1399 2724 ταῦτα
1416 2666 1469 2725 τοῦ

375 2768 556 2857 βιαιοτάτου
579 2798 630 2837 και
655 2764 775 2862 ᾧπερη
765 2771 883 2863 ’φύσις
905 2771 1071 2855 ε’πικλινης,
1097 2767 1211 2861 ῥαδίως
1228 2769 1399 2859 μαχέσεται
1416 2798 1468 2835 και

376 2882 450 3012 πρὸς
476 2878 626 2969 δαίμονα,
657 2878 791 2969 μηδεν’
775 2906 853 2970 εχων
881 2885 946 2974 περὶ
971 2881 1164 2948 πλείστου
1136 2906 1169 2946 το
1197 2886 1263 2970 ζῇν.
1289 2882 1385 2969 Ψυχη
1409 2883 1469 3017 γάρ

376 2988 591 3084 αὐτοκράτωρ
613 2985 691 3058 οὖσα
713 2997 830 3079 παθῶν,
856 2997 907 3059 καὶ
931 2992 1043 3059 τούτων
1061 2992 1305 3135 άπανισταμένη,
1327 3001 1401 3080 τιμᾷ
1417 2995 1469 3058 καλ

377 3112 435 3169 τῶν
453 3105 564 3193 ὁμοίων
581 3103 739 3195 ἐφίεται.
709 3129 739 3167 ν.

409 3348 568 3436 μ’Δλλχιιτινλ
585 3372 694 3437 παρά...
720 3371 847 3434 προσέσχον
870 3372 909 3417 τὸν
937 3372 1038 3434 πρώτοις
1052 3367 1148 3416 ἔταττεν
1165 3367 1235 3418 αὐτὸν
1250 3372 1264 3423 ἡ
1282 3370 1471 3434 πολεμαρχία·ὁ

377 3442 440 3517 ἆρά]
454 3443 511 3494 vide
522 3461 549 3510 p.
565 3446 626 3505 170,
640 3460 666 3493 n.
682 3446 705 3493 λ.
938 3447 962 3494 δὲ
983 3445 1036 3508 ἐμὸς
1054 3449 1115 3502 υἱός,
1137 3444 1176 3494 οὒκ
1198 3447 1273 3511 ἀρχὴν
1293 3445 1469 3507 αἰδούμενος...,

409 3524 496 3577 ’Sunt
516 3530 632 3591 πολεμικὰ
648 3531 779 3590 σκάμματα
797 3525 861 3575 idem
881 3538 910 3573 ac
937 3523 1094 3591 αὐτοκράτορι
1109 3523 1133 3572 δὲ
1145 3524 1219 3591 ἀρετῇ
1233 3529 1272 3571 καὶ
1283 3526 1374 3589 καθαρᾷ
1384 3528 1470 3590 προθυ-

375 3608 500 3670 πολεμικολ
528 3609 621 3669 ἆχῶνες.
648 3605 756 3655 loannes
783 3604 909 3668 Chrysost.
937 3611 983 3669 μία
997 3611 1128 3670 χρώμενος,
1144 3608 1249 3658 τοιοῦτος
1266 3603 1347 3669 ἐφάνη.
1362 3601 1473 3666 Longio-

375 3683 474 3749 Eclogis
485 3683 570 3734 Μαντὼ.
588 3699 613 3748 p.
628 3685 670 3745 213
688 3699 715 3748 p.
732 3685 778 3731 162
796 3681 909 3731 λάθεται
938 3699 989 3732 rem
997 3682 1097 3746 allegavi
1107 3681 1263 3739 sententiam,
1274 3680 1389 3729 monendi
1400 3696 1473 3730 causa

375 3762 388 3815 ὅ
399 3782 427 3814 τε
436 3765 475 3813 ίτι
484 3766 507 3813 ἐν
516 3769 639 3828 οκοίμματι
650 3765 695 3821 ὤνς
708 3781 720 3806 ι
733 3763 773 3828 qui
784 3762 864 3811 adhuc
875 3770 912 3809 est
939 3760 970 3810 de
979 3760 1097 3817 Aristide,
1108 3759 1175 3824 cujus
1187 3761 1211 3808 in
1222 3758 1308 3809 codice
1316 3759 1389 3808 unico
1399 3759 1473 3810 lectio

375 3840 487 3907 inhujus
500 3843 555 3890 vitae
568 3842 735 3891 certamine».
798 3888 808 3903 ‚
937 3844 1084 3904 Καλλιμάχῳ
1106 3849 1139 3907 τῷ
1157 3843 1324 3906 Πολέμαρχον,
1343 3838 1474 3887 verisimil-

410 3919 475 3972 'sie
486 3921 573 3971 codex.
937 3919 995 3968 lime
1013 3919 1057 3968 [uit
1076 3935 1090 3967 a
1106 3917 1223 3967 Graverto
1241 3927 1364 3972 correcta,
1385 3931 1473 3964 emen-

410 3996 549 4049 ‘Animam
574 4000 737 4066 αὖτοκράτορα
760 3995 913 4046 issustrabunt
939 3997 1012 4046 dante
1030 4003 1062 4046 K.
1081 4008 1113 4063 τῷ
1132 3999 1286 4062 πολεμάρχῳ.
1304 3995 1350 4043 Pro
1367 3994 1473 4042 lectione

376 4077 441 4139 loci,
460 4094 522 4144 quos
540 4077 631 4143 protuli
652 4076 683 4126 ad
701 4075 911 4142 'theophylactum
939 4087 972 4142 τῷ
986 4081 1137 4142 Πολεμάρχου
1151 4085 1319 4137 argumentum
1336 4071 1380 4119 fuit
1394 4085 1473 4134 nuper

376 4155 469 4207 Simon.
479 4172 506 4222 p.
517 4158 580 4218 275,
592 4157 622 4207 ad
631 4156 733 4206 AEneam
746 4154 803 4205 (λον.
815 4172 840 4221 ρ.
853 4155 910 4204 219.
939 4154 1088 4220 propositum
1110 4169 1124 4200 a
1145 4150 1306 4200 Stievenartio
1326 4150 1378 4197 viro
1399 4149 1422 4197 d.
1443 4164 1473 4198 ex

377 4234 488 4285 Accedat
501 4250 567 4284 nunc
580 4235 679 4284 Polemo
695 4235 809 4283 Oratione
823 4234 912 4298 Cynae-
938 4230 1060 4296 parilitate
1073 4229 1197 4278 nominum
1207 4226 1413 4292 praecedentium:
1426 4233 1473 4280 Θε-

377 4314 423 4379 giri
441 4313 519 4378 patris
537 4324 622 4363 contra
639 4313 780 4363 Callimachi
799 4323 911 4378 patrem,
939 4313 1060 4375 μιοτοκλεῖ
1072 4319 1104 4375 τῷ
1118 4311 1239 4364 Νεοκλέους
1251 4313 1290 4356 καὶ
1305 4313 1424 4373 Παυσανίᾳ
1439 4320 1472 4376 τῷ

378 4393 450 4458 p.-22
463 4411 469 4441 τ
482 4402 517 4459 τῷ
529 4398 572 4457 μὲν
586 4401 618 4460 τῷ
633 4393 703 4442 παιδί
719 4399 758 4441 καί
777 4394 865 4456 ἀνάγκη
877 4411 912 4448 τις
940 4392 1116 4457 Κλεομὸρότου,
1130 4393 1169 4436 καί
1181 4397 1214 4453 τῷ
1226 4387 1369 4456 Εὐφορίωνος
1381 4394 1474 4436 Κυναι-

378 4470 417 4533 ἦν,
431 4475 445 4529 ἠ
460 4473 534 4540 ἀρετὴ
553 4470 619 4537 ἦγεν·
636 4472 719 4537 ἐξῆρχε
733 4477 789 4540 γάρ,
806 4473 847 4520 κάν
865 4479 913 4526 τοῖς
940 4477 1009 4538 χοίρῳ
1028 4474 1068 4519 καί
1087 4469 1235 4532 Καλλιμάχῳ
1257 4476 1290 4534 τῷ
1312 4471 1472 4534 Πολεμάρχου.
