3684 5659
450 609 497 682 28
789 621 823 680 Γ.
853 614 926 676 ΤΟΥ
953 611 1207 676 ΠΑΧΥΜΕΡΟΥΣ

449 773 506 817 νων
519 758 572 827 τῆς
592 749 705 814 ἐκείνου
722 743 871 839 καρδίας,
888 750 940 813 καί
958 749 1097 823 ταπεινός
1113 749 1241 840 ὁρᾶται,
1267 751 1319 812 καί
1342 750 1451 839 χρόνον
1473 749 1543 816 ε’πι-

448 862 534 949 σχὼν
555 859 669 951 ὀλίγον,
694 860 807 950 φησίν·
829 882 846 916 «
860 838 934 923 aiii’
953 857 1050 949 ἐγγυᾷ
1071 859 1124 928 τὴν
1145 857 1217 944 ἐμὴν
1237 857 1419 949 ἀσφάλειαν,
1443 863 1468 925 εἰ
1490 869 1544 936 τῆς

451 970 642 1063 ἀκροπόλεῳς
667 968 874 1057 ἑκστήσομαι;
891 993 908 1027 ν
931 972 1030 1056 κάμοῦ
1055 968 1317 1057 συνθεμένου,καί
1337 969 1422 1046 θεοὺς
1441 967 1543 1036 ἐπιδι-

451 1075 594 1168 δὀμίνου1
606 1075 625 1151 ἦ
639 1080 697 1167 μὴν
706 1080 899 1171 φυλαχθῆναι
912 1081 952 1143 τά
966 1078 996 1154 ἐς
1012 1081 1103 1164 ζωήν,
1120 1071 1187 1167 (καί
1201 1082 1231 1143 τί
1242 1082 1316 1171 γάρ,
1333 1081 1413 1168 εἰμὴ
1424 1081 1459 1146 τό
1472 1082 1545 1155 ἀλη-

449 1189 510 1272 θές,
530 1184 687 1280 λε’γοεμις)
706 1191 843 1265 ἀναστάς
860 1188 972 1266 ἐκεῖνος
995 1187 1125 1274 αὐτίκα,
1145 1185 1258 1279 ῥίπτει’
1273 1191 1314 1253 τά
1331 1188 1429 1276 ὅπλα,
1449 1194 1541 1280 κάμοί

448 1296 667 1388 συνταξάμενος
681 1296 692 1330 ³
707 1300 775 1387 άμα
794 1296 897 1366 δὲκαὶ
917 1298 1098 1392 ἀκροπόλει,
1118 1301 1203 1388 πάσῃ
1223 1302 1276 1364 καί
1295 1298 1466 1393 τυραννίδι,
1488 1306 1541 1369 καί

447 1420 511 1488 τοῖς
524 1419 577 1486 τῆς
590 1411 705 1488 πόλεως
721 1414 896 1504 πράγμασι,
912 1413 1062 1499 μετὰτῶν
1078 1412 1195 1475 οἰκείων
1209 1407 1345 1481 ἐκποδὼν
1361 1414 1490 1503 γίνεται.

496 1525 556 1588 Καί
570 1520 635 1587 νῦνί
653 1523 707 1588 σὺν
723 1527 797 1589 θεῶν
814 1518 988 1614 συνεργείᾳί
1003 1523 1074 1604 aava
1091 1519 1145 1609 μὲν
1159 1531 1337 1613 τυραννικῆς
1346 1525 1506 1611 π’)μόεητος
1522 1527 1542 1596 ή

448 1634 629 1726 ἀκρόπολις,
649 1636 718 1706 κενὴ
737 1630 772 1699 δὲ
789 1633 921 1726 θορόόων
941 1635 961 1705 ἡ
981 1634 1066 1709 πόλις
1084 1635 1137 1698 καί
1156 1643 1315 1726 ταραχῶν.
1338 1634 1382 1700 Οὐ
1400 1635 1543 1728 τύραννος

448 1743 621 1810 ἐπιτάττει·
646 1743 680 1811 οὐ
699 1742 774 1822 ξένοι
792 1766 869 1820 τινες
887 1745 940 1808 καί
959 1739 1104 1820 ἐπήλυδες
1125 1745 1181 1819 τάς
1201 1746 1301 1819 οἰκίας
1318 1747 1403 1832 ἡμῶν
1421 1744 1541 1837 ἐπιτρέ-

447 1875 576 1943 χουσιν·
606 1856 665 1946 οὐχ
686 1855 856 1950 ὑθρίζονται
874 1856 982 1943 νόμοι·
1006 1854 1040 1920 οὐ
1066 1862 1258 1948 παρορώνεαι
1282 1858 1322 1920 τά
1344 1859 1482 1948 πάτρια·
1506 1857 1541 1924 οὐ

447 1967 553 2055 γνώμη
570 1963 731 2032 δουλοῦταί
745 1969 907 2052 τινος,καί
927 1966 1007 2032 ἀλλα
1018 1965 1113 2032 θέλων
1127 1966 1208 2032 ἄλλα
1221 1964 1311 2051 βάζει
1322 1963 1345 2052 ⁶,
1362 1964 1393 2044 ἐξ
1405 1970 1542 2059 ἀνάγκης

447 2082 491 2162 τῷ
507 2085 604 2168 καιρῷ
620 2077 840 2169 χαριζόμενος·
860 2076 950 2166 οὐχί
966 2101 994 2141 τι
1010 2102 1056 2151 τις
1073 2083 1151 2143 εἴποι
1165 2080 1329 2169 πράττεται
1346 2085 1406 2143 τῶν
1421 2073 1539 2144 δεινῶν.

448 2188 552 2252 Πάντα
573 2186 707 2277 γαλήνης
724 2188 822 2275 μέστα
832 2234 842 2273 ,
861 2191 962 2253 πάντα
979 2192 1080 2279 χαράς
1095 2188 1206 2281 πλήρη.
1226 2187 1387 2265 Δικαστοίς
1399 2190 1460 2282 ὁρῶ
1474 2217 1542 2256 ,κα-

447 2296 591 2382 θημένους
607 2296 653 2362 ε’πί
668 2302 720 2362 τοῦ
736 2295 886 2387 βήματος,
902 2299 1003 2369 κοινὴν
1019 2294 1131 2382 βουλὴν
1145 2298 1347 2390 συναγομένην
1360 2302 1402 2374 εἰς
1413 2300 1448 2363 τό
1461 2296 1541 2385 βου-

448 2406 612 2499 λευτνίριον,
629 2408 808 2501 πανηγύρεις
827 2408 896 2475 κατ’
911 2411 977 2485 ἔθος
994 2407 1311 2500 συγκροτουμέναςῖτὸ
1323 2411 1460 2500 πάτριον,
1481 2412 1540 2501 ῥη-

447 2541 539 2608 τορας
552 2515 812 2612 δημηγοροῦντας,
828 2519 1020 2613 ἀντιλέγοντα
1031 2521 1081 2586 τὸν
1094 2518 1287 2609 βουλόμενον,
1300 2523 1415 2596 πάντας
1426 2519 1456 2584 ἐν
1466 2525 1543 2610 παῤ-

447 2630 541 2720 ῥησίᾳ
560 2634 612 2694 τοῦ
631 2630 738 2721 λέγειν,
755 2634 870 2707 πάντας
890 2631 919 2696 ἐν
938 2631 1090 2722 ἐλευθερίᾳ
1106 2633 1246 2722 μεγίστῃ,
1265 2631 1334 2708 τοὺς
1355 2629 1401 2696 ἐπ’
1424 2633 1537 2723 ἀγρῶν,

447 2738 516 2813 τοὺς
531 2737 577 2802 ε’πί
598 2746 651 2812 τῆς
673 2740 800 2825 πόλεως,
824 2745 940 2816 πάντας
961 2742 1120 2832 ριλοσοιρίᾳ
1139 2743 1190 2804 καί
1214 2742 1343 2828 τόλμαις
1366 2742 1454 2828 ἐμαῖς
1477 2746 1540 2816 ζω-

447 2849 540 2937 άγρια
561 2845 699 2922 θύοντας.
1022 2929 1032 2946 ·
1425 2904 1453 2939 ,ς

493 2957 589 3032 Μόνος
602 2953 632 3021 δ’
647 2947 744 3042 οὗτος,
761 2957 816 3023 οὐκ
833 2957 893 3025 οἶδ’
911 2960 1017 3025 ὁπόθεν
1034 2958 1186 3024 ε’λθών-
1197 2955 1267 3023 οὐδὲ
1281 2961 1340 3050 γὰρ
1360 2966 1411 3042 ἀν,
1433 2959 1474 3024 θεν
1489 2961 1539 3026 ε’ν-

445 3069 544 3131 ταῦθα
557 3069 608 3131 καί
623 3076 729 3158 πεῖραν
747 3070 831 3156 σχὼν
843 3078 901 3134 τῶν
914 3066 1031 3154 δεινῶν,
1044 3068 1132 3134 ταῦτ’
1145 3068 1302 3157 ἐμελέτησε
1315 3070 1466 3162 λέγειν-
1477 3075 1539 3160 μό-

445 3199 494 3253 νος
508 3168 679 3252 οίιτοςίτθν
696 3177 769 3265 ε’μήν
783 3176 992 3272 ἀνδραγαθίαν
1009 3180 1165 3270 (ραυλίζει,
1180 3182 1232 3245 καί
1253 3182 1347 3274 γέρως
1365 3184 1540 3275 ἀποστερεῖν

479 3404 630 3456 'Homerica
647 3406 739 3456 locutio
754 3421 783 3457 ex
797 3407 828 3457 11.
843 3409 890 3467 θθ,
906 3407 976 3457 2542
1004 3407 1111 3458 loannes
1135 3408 1271 3459 monachus
1297 3409 1352 3459 Vita
1372 3409 1492 3460 Barlaami
1513 3413 1538 3461 in

443 3480 497 3534 Ἀλλ’
522 3485 565 3548 άγε
591 3485 659 3552 δεῦρο
684 3489 746 3543 θεοὺς
771 3487 914 3551 ἐπιδώμεθα.
940 3484 977 3536 lbi
1004 3485 1540 3553 meiaAnecdotisGr.t.lV,p.5:raiKu-

443 3563 537 3613 achai:
562 3566 785 3632 ἰπιμαρτορώμεθα.
805 3562 866 3614 Vide
889 3563 977 3629 Heyaii
1004 3573 1057 3632 ρίου
1070 3571 1239 3632 συνεργοῦντος.
1251 3565 1287 3615 lbi
1303 3576 1369 3616 ποτε.
1387 3565 1539 3632 Nicephoraa

443 3639 651 3692 Observationem.
1004 3642 1140 3707 Gregoraa,
1157 3645 1181 3704 ἰ,
1197 3645 1227 3705 3,
1243 3646 1257 3693 3
1275 3664 1283 3693 ε
1300 3656 1342 3702 τῆς
1357 3646 1443 3695 ἀνωθεν
1461 3647 1539 3704 δεξιᾶς

476 3715 540 3767 'Sic
563 3719 620 3770 cod.
641 3720 697 3769 Mox
718 3719 766 3769 alio
791 3730 895 3771 accentu
915 3721 977 3772 ὅπλα
1004 3725 1163 3788 συνεργοὺοης.
1180 3720 1331 3771 Scholiastea
1349 3722 1488 3784 Theocriti,
1509 3726 1538 3784 3,

442 3798 522 3864 ῥιπτεῖ
536 3799 612 3862 ρ.31,
918 3830 920 3835 ·
1004 3800 1054 3847 40:
1069 3796 1205 3862 Ἱππομίνης
1219 3807 1325 3862 συνεργὸν
1337 3799 1396 3862 ἔχων
1407 3809 1449 3856 τὴν
1458 3796 1539 3870 ’Δρρο-

478 3874 487 3902 ³
501 3874 600 3936 «Quum
611 3876 670 3927 mihi
688 3878 740 3928 vale
754 3879 864 3929 dixisset.
877 3898 889 3923 »
902 3877 977 3927 Nice·
1004 3877 1081 3933 δίκην.
1094 3876 1215 3926 Lucianua
1228 3875 1354 3926 Demosth.
1367 3877 1430 3926 Ena.
1444 3880 1476 3927 38
1490 3898 1497 3928 ε
1509 3892 1540 3946 τῇ

444 3953 536 4018 phania
548 3955 672 4006 chunanus
682 3957 707 4007 ia
719 3957 780 4008 mein
792 3955 925 4006 Anecdotis
933 3955 977 4006 Gr.
1004 3957 1131 4024 παραδόξῳ
1151 3959 1213 4026 ῥοπῇ
1235 3967 1277 4013 τῆς
1298 3960 1391 4020 Τὺχης,
1412 3968 1443 4027 τῇ
1463 3963 1538 4011 πολλὰ

446 4042 464 4080 t.
477 4033 509 4093 V,
523 4051 549 4100 p.
563 4036 611 4086 236
624 4054 630 4084 z
642 4042 812 4102 συνταξάμενος
833 4036 922 4094 αὐτοῖς·
936 4034 979 4086 ubi
1004 4039 1116 4109 πολλάκις
1131 4040 1189 4100 ἡμῖν
1202 4035 1392 4104 σννειργασμίνῃ.

444 4122 509 4162 nota.
1038 4113 1183 4179 ‘Respectu
1200 4114 1233 4163 ad
1251 4113 1352 4165 Homeri
1367 4130 1464 4164 versum
1478 4134 1485 4165 ε
1497 4117 1538 4173 ’ος

476 4189 591 4241 ‘Schola
606 4196 718 4259 προθολή.
1004 4192 1027 4256 χ’
1046 4194 1124 4260 ἕτερον
1137 4199 1180 4257 μὲν
1193 4195 1267 4244 κεύθει
1283 4195 1318 4244 iai
1335 4202 1423 4264 ρρεσίν,
1439 4197 1495 4246 ἄλλο
1512 4197 1537 4245 δί

476 4266 536 4317 ΒΣὺν
553 4274 608 4320 θεῶν
622 4273 754 4341 σννεργεία]
768 4272 940 4331 Ariaiaenetus,
954 4273 976 4325 ί.
1003 4277 1082 4340 βάζει.

444 4345 472 4392 13
487 4345 551 4394 iaia:
571 4351 596 4396 αἰ
610 4357 653 4413 μίν
670 4358 717 4420 γάρ
728 4350 877 4417 (ἐπιστῆμαι)
889 4352 977 4405 ἀτελεῖς
1038 4347 1046 4374 ⁷
1061 4348 1123 4398 vida
1134 4363 1160 4411 p.
1172 4351 1215 4410 20,
1229 4365 1255 4400 n.
1269 4353 1292 4402 3,

441 4433 473 4485 μὴ
497 4433 657 4491 συνεργοῦντος
679 4439 720 4480 τοῦ
746 4438 816 4482 θείου.
845 4429 881 4478 lbi
904 4439 974 4477 notae.
1036 4426 1224 4494 ‘Schohipaa
