3684 5659
750 684 906 746 ΜΕΛΕΤΗ
932 673 973 745 B'.
1355 680 1403 753 39

304 817 434 887 ποιεῖτε1
445 821 497 884 καὶ
510 819 744 911 ἀποστρέφεσθε.
757 820 865 896 Καλῶς
874 845 922 910 γε,
937 815 1057 909 ἄνδρες,
1070 824 1121 885 καί
1132 818 1221 909 χρήδ.
1232 823 1289 886 Διὰ
1298 825 1344 901 τί;
1357 823 1401 889 ὅτι

306 932 366 1020 οὐχ
386 926 482 1007 οὕτως
502 929 586 1018 ὑμεῖς
605 927 713 1005 ἐνδεεῖς
730 931 782 994 καὶ
802 930 998 1021 γιλόχρυσοι,
1025 931 1105 996 ἀλλὰ
1128 929 1232 1015 δόξαν,
1246 928 1282 1008 ἧς
1304 937 1403 999 πάντα

306 1041 478 1134 ὕστερα,τῇ
486 1041 570 1106 πόλει
582 1041 679 1106 θέλετε
690 1042 854 1116 σώζεσθαι.
864 1042 922 1105 Καὶ
936 1046 985 1105 νῦν
995 1040 1096 1106 πολλοὶ
1106 1045 1157 1107 καὶ
1170 1043 1405 1132 ποικίλοιτῇπό·

307 1154 351 1219 λει
362 1153 505 1244 στέφανοι
517 1153 697 1244 κρέμανται.
712 1143 808 1226 Οὗτος
818 1149 925 1236 τῶνδε,
936 1155 988 1217 καὶ
1003 1152 1036 1217 τὸ
1048 1152 1238 1244 ἐπίγραμμα,
1249 1179 1263 1211 ν
1276 1135 1376 1220 θόδιοι
1389 1180 1403 1211 ν

308 1267 402 1354 τυχόν
420 1288 435 1318 ν
453 1246 613 1341 Ᾰθηναίοις
635 1263 707 1355 ὑπὲρ
728 1271 781 1339 τῆς
797 1265 879 1328 κατδι
897 1269 1019 1354 Περσῶν
1037 1268 1218 1354 συμμαχίας
1239 1283 1272 1323 ν·
1294 1266 1404 1342 ἐκεῖνος

309 1373 425 1461 τῶνδε,
453 1379 505 1442 καί
528 1377 563 1441 τὸ
587 1376 730 1462 ἐπίσημον
749 1399 766 1432 ν
789 1376 826 1439 Οἱ
851 1371 945 1450 δεῖνες
970 1385 1033 1452 τοῖς
1055 1373 1150 1442 δεῖσεν
1173 1376 1245 1469 ὑπὲρ
1268 1386 1327 1442 τῶν
1351 1381 1402 1444 καὶ

309 1496 370 1553 τῶν
383 1506 419 1546 ν·
438 1486 532 1565 οὕτως
546 1489 572 1553 οἱ
588 1484 703 1579 ἐφεξῆς.
719 1489 777 1551 Καὶ
794 1486 978 1552 παλαιοῦται
991 1487 1043 1574 μὲν
1056 1491 1074 1560 ἡ
1089 1492 1179 1580 χάρις
1194 1489 1336 1575 ἐντεῦθεν,
1351 1490 1405 1556 νέα

1312 1580 1319 1600 ,

312 1595 346 1662 δὲ
364 1597 433 1663 κατ’
449 1602 515 1674 ἔτος
530 1608 593 1674 τοῖς
612 1601 787 1686 ἀναθήμασι
802 1600 931 1688 γίνεται.
951 1597 1020 1686 Οὐχ
1038 1599 1126 1689 ὁρᾶτε
1143 1602 1195 1664 καί
1213 1599 1282 1674 τοὺς
1298 1600 1404 1687 Ολυμ-

313 1718 420 1774 πιοῖσιν
444 1710 463 1781 ἢ
486 1713 599 1794 Πυθοῖ,
629 1711 648 1782 ἢ
679 1709 837 1798 ἀλλαχοῦ,
860 1717 923 1784 πῶς
952 1712 1172 1775 ἀντιποιοῦνται
1201 1713 1320 1775 κοτίνου
1352 1715 1403 1775 καὶ

317 1815 432 1910 δάφνης
445 1822 496 1885 καί
516 1821 617 1907 μήλων
635 1823 686 1885 καί
706 1815 853 1904 σελίνωνῧ,
869 1823 920 1883 καί
939 1826 991 1885 τοῦ
1011 1820 1229 1911 κηρύττεσθαι;
1249 1822 1306 1884 Διὰ
1321 1822 1364 1904 τί,
1381 1815 1405 1884 ὦ

259 1927 264 1933 ’
314 1926 425 2020 ἄνδρες
439 1912 601 2012 Ᾰθηνοιῖοι,
623 1927 677 1996 διὰ
694 1934 722 1994 τί
742 1935 861 2008 ταῦτα;
882 1930 927 1995 ὅτι
944 1933 1063 2006 πάντως
1080 1928 1169 2007 δόξης
1186 1935 1287 2017 μεῖζον
1304 1925 1403 1994 οὐδέν.

316 2163 376 2211 ἀλλὰ
387 2168 483 2227 καιρίως
492 2168 570 2211 ταῦτα
580 2168 620 2211 καὶ
632 2163 711 2220 δεξιῶς
729 2163 787 2230 ὑπὲρ
802 2172 847 2211 τῶν
875 2170 984 2219 κτήσεως.
998 2161 1176 2212 Animadvertit
1188 2162 1341 2212 doctissimus
1352 2163 1407 2211 edi·

318 2241 407 2289 παίδων
417 2247 457 2289 καὶ
467 2251 508 2297 τῆς
518 2247 606 2309 μητρὸς
616 2241 692 2290 αὑτῶν
705 2243 846 2291 ἀπολύοντα.
875 2250 913 2289 toi·
924 2240 1022 2289 verbum
1032 2239 1127 2290 deesse.
1140 2241 1252 2304 Propone
1261 2240 1405 2304 legendum:
1477 2240 1479 2245 ¹

314 2316 408 2378 Codex,
418 2318 487 2384 cujus
497 2319 639 2381 varietatem
649 2319 680 2369 ad
689 2319 849 2370 Bremerianae
877 2319 947 2367 δεινὸν
960 2321 1012 2368 κατ’
1024 2321 1110 2367 ἐκείνου
1124 2321 1227 2378 ἐποίουν,
1242 2323 1272 2374 ὡς
1283 2320 1332 2376 θόξ.

315 2398 449 2461 marginem
461 2396 584 2461 excerpsit
603 2397 690 2446 Hasius
708 2397 771 2462 (ejus
783 2392 848 2447 enim
909 2395 1021 2445 'Eadem
1036 2396 1143 2444 clausula
1166 2397 1190 2444 in
1209 2395 1336 2444 Menexoni
1353 2396 1408 2445 loco

284 2536 287 2540 Ι
315 2491 413 2525 manum
425 2476 556 2540 agnosco),
568 2479 722 2527 ἀπολλύοντα·
734 2476 850 2542 additque
876 2473 967 2532 nobili,
983 2473 999 2537 ξ
1014 2475 1028 2522 5
1041 2474 1073 2523 ιδ
1093 2493 1119 2522 τε
1139 2478 1207 2537 νόμος
1224 2479 1406 2539 apostolum...

315 2552 352 2602 νίν
360 2553 458 2614 δοεῑ.,ν
469 2556 592 2619 optime».
604 2554 759 2612 Heliodorus,
772 2558 793 2614 l,
805 2556 846 2602 13:
876 2560 915 2601 καί
936 2561 992 2618 χρή·
1013 2568 1042 2600 ac
1062 2566 1148 2615 magna
1167 2566 1223 2599 cum
1237 2550 1274 2607 vi;
1292 2550 1410 2614 judicium

317 2635 338 2680 οἱ
349 2639 391 2697 μὲν
406 2636 477 2690 λίθοις
489 2638 578 2703 βαλεῖν,
590 2638 612 2683 οἱ
625 2635 649 2683 δὲ
661 2643 694 2700 τῷ
710 2635 786 2699 δημίῳ
798 2653 850 2683 ποι-
877 2630 941 2679 enim
952 2630 1058 2695 Dionysii
1068 2630 1185 2688 severius,
1200 2628 1235 2677 De
1245 2628 1314 2678 Dein.
1327 2644 1349 2677 c.
1366 2630 1407 2686 24,

316 2713 442 2777 ραδιδδναι
460 2719 499 2762 καί
515 2716 623 2764 ὠθεῖσθαι
641 2715 674 2769 εἰς
688 2720 714 2762 τὸ
731 2717 850 2779 βάραθρον
876 2726 925 2759 non
943 2726 1037 2758 moror.
1053 2709 1147 2758 Pariter
1164 2709 1189 2757 in
1212 2708 1325 2775 Theage‚
1339 2707 1380 2774 §1
1401 2729 1407 2757 ι

317 2790 465 2855 ἐδοκίμαζον.
492 2791 577 2840 Melius
603 2795 697 2860 βάλλειν
717 2791 741 2839 in
763 2789 849 2839 codice
875 2790 1109 2855 ἔξεστίτεκαίχρή.

317 2867 410 2918 Veneto
422 2870 481 2920 409.
496 2869 536 2919 Sic
554 2871 617 2919 male
637 2870 754 2934 scriplum
772 2870 849 2919 ἔοισσιν
910 2869 993 2919 ³·Cod.
1010 2873 1116 2924 σελήνων.
1131 2867 1198 2916 idem
1213 2866 1328 2916 mendum
1341 2871 1409 2924 σελή-

317 2963 362 3013 pro
385 2949 438 2998 ἔασι
462 2949 500 2998 vel
526 2951 590 2999 ἔασιν
618 2951 642 2998 in
671 2949 850 3013 Epigrammate
878 2968 915 2999 νον
936 2964 981 3012 μεν
1005 2952 1093 2997 σελίνου
1112 2946 1192 2996 notavi
1215 2946 1246 2994 ad
1268 2946 1408 2995 Zachariam

317 3025 427 3091 Gregorii
454 3028 512 3077 Naz.
532 3028 605 3077 loth.
626 3030 656 3090 8,
684 3029 727 3086 10;
751 3027 850 3092 quade
877 3027 1064 3092 llityl.p.l22.
1077 3026 1171 3074 Passim
1185 3023 1217 3072 ob
1227 3026 1409 3088 pronuntiatio-

317 3119 345 3153 re
365 3107 448 3154 monui
474 3107 505 3154 ad
526 3107 736 3171 Theophylaclum
758 3106 850 3155 Simos.
877 3103 1126 3169 nemarpermutari
1137 3103 1191 3167 quis
1206 3102 1411 3166 ignoratlllelio-

318 3199 342 3247 p·
356 3187 413 3234 235.
425 3185 509 3235 Obiter
520 3186 586 3235 aliud
597 3186 712 3235 mendum
723 3200 753 3233 ex
763 3184 849 3234 eodem
878 3183 965 3243 durus,
979 3187 1008 3243 2,
1020 3186 1048 3232 34
1063 3203 1069 3232 ι
1081 3193 1114 3250 τῷ
1125 3187 1238 3249 Μαλιακῷ
1249 3187 1335 3250 κόλπῳ.
1347 3182 1409 3231 Cod.

318 3265 494 3327 epigrammate
512 3265 595 3314 tollam
615 3283 620 3312 :
641 3260 767 3319 Ὀκταέτης
785 3266 851 3312 λαοῖο
877 3261 951 3329 Vera..
964 3267 1076 3328 μιλιακῷ.
1088 3261 1148 3310 lnde
1162 3261 1330 3324 recipiendum
1344 3261 1411 3310 vide·

319 3347 438 3412 θεόφρονος
456 3349 510 3399 ἡνία
526 3351 615 3400 τείνας,
633 3348 708 3392 Τοῦτο
721 3346 850 3405 μόνοντῶν
877 3351 915 3388 tur
926 3338 1198 3406 Maltaxopflbcodorus
1208 3339 1294 3386 Prodr.
1305 3339 1409 3387 Tetrast.

319 3431 374 3480 σῶν,
384 3420 401 3471 ὧ
410 3426 521 3480 nescies,
532 3424 616 3486 ὀλίγον.
624 3421 648 3469 Si
658 3420 759 3471 Basilius
770 3432 851 3470 octen-
877 3435 902 3483 p.
916 3421 964 3467 206
977 3439 982 3467 ι
994 3426 1039 3468 Τον
1052 3422 1133 3468 Αἰνέαν
1145 3425 1235 3484 ἤγειρεν
1247 3420 1269 3465 ἓν
1282 3419 1351 3482 Arida
1364 3419 1410 3468 ns-

320 3499 356 3546 nis
373 3514 435 3562 puer
445 3499 529 3564 populi
546 3501 579 3565 pii
597 3500 715 3549 tenuisset
728 3498 850 3559 habenas,
878 3517 944 3564 προς,
959 3494 996 3546 Ἐν
1008 3494 1072 3564 Ἰόπη
1087 3498 1111 3544 δὲ
1130 3504 1172 3549 τὴν
1187 3499 1279 3546 Ταθιθὰ
1296 3497 1408 3562 δορκάδα·

319 3576 345 3625 id
362 3577 425 3627 inter
441 3577 495 3642 ejus
509 3579 564 3628 vilae
584 3588 638 3630 acia
656 3594 705 3627 non
720 3579 782 3627 sorel
799 3581 851 3628 ὀλί-
877 3585 922 3626 Τὸν
934 3583 975 3641 μὲν
993 3584 1020 3626 τὸ
1041 3585 1109 3637 σῶμα
1127 3579 1245 3631 παντελῶς
1261 3580 1410 3642 παρειμένον,

320 3676 367 3717 γον,
387 3656 477 3706 sedin
499 3657 617 3707 miraculo
643 3672 752 3721 prorsus.
767 3656 850 3706 Codex
877 3663 925 3712 Τὴν
940 3657 960 3704 δ’
973 3658 1081 3710 εἰςιεῖσαν
1095 3659 1136 3702 τοῦ
1154 3657 1254 3703 θανάτου
1271 3660 1313 3710 τὰς
1327 3658 1409 3711 πύλας·

320 3745 429 3785 vetustus
437 3735 528 3800 optime
536 3735 636 3785 exhibet
644 3737 759 3795 ὀκτάετες,
770 3742 852 3783 osten·
877 3734 962 3784 Codex
982 3736 1061 3793 2831,
1079 3736 1190 3790 Ταθηθίι,
1209 3733 1274 3797 quod
1294 3734 1410 3798 scriplum

320 3812 371 3862 nio.
392 3812 504 3863 Formam
525 3813 665 3864 adverbium
688 3817 797 3870 ἑπτάετες
813 3814 851 3862 si·
878 3823 914 3860 cst
928 3827 987 3861 casu
999 3813 1116 3873 fortasse,
1128 3811 1167 3860 vel
1179 3822 1281 3877 propter
1292 3824 1409 3869 metrum;

320 3891 401 3940 milem
421 3890 504 3941 habet.
562 3902 571 3917 ·
878 3891 922 3938 sed
951 3892 974 3940 in
1000 3892 1097 3940 nomine
1118 3890 1222 3941 barbaro
1247 3892 1339 3957 syllaba
1362 3907 1410 3940 non

353 3967 476 4019 ‘Locutio
499 3971 565 4019 δεινὰ
594 3978 669 4018 ποιεῖν
689 3969 782 4034 placuit
807 3983 852 4016 so·
878 3968 985 4018 curanda
1000 3970 1099 4019 nimium
1114 3971 1165 4018 luit.
1180 3969 1408 4032 VertitSuvignius,

321 4045 416 4109 phistae.
438 4049 508 4099 Dicet
531 4048 712 4099 Declamatione
729 4047 849 4112 septima:
880 4046 1047 4101 «Tabirham,
1062 4065 1116 4112 quae
1129 4046 1220 4096 Dorcas
1239 4046 1316 4103 dicta,
1332 4063 1342 4088 ν
1361 4061 1409 4093 noo

321 4128 342 4173 ol
365 4126 445 4192 ἐχθροί
465 4128 530 4177 δεινὰ
555 4128 656 4177 ἐποίουν.
678 4127 710 4175 Et
728 4125 763 4174 sic
784 4125 850 4175 alibi.
878 4135 992 4174 accurate
1005 4127 1072 4175 satis.
1088 4127 1113 4173 ln
1126 4125 1232 4183 nense,
1245 4125 1276 4172 36
1289 4143 1295 4171 ι
1308 4127 1410 4183 Ταθιθά,

320 4201 419 4253 Viden.
437 4205 470 4254 ad
485 4206 625 4255 Choriaium
642 4222 668 4269 p.
685 4206 740 4253 suu.
756 4205 853 4272 Paeby-
879 4205 893 4259 ἣ
914 4205 1107 4270 διερμηνευομένη
1128 4207 1220 4265 λέγεται
1240 4204 1332 4269 δορκοίς.
1357 4201 1409 4251 Non

320 4297 399 4332 meres
413 4283 475 4332 llist.
488 4283 637 4343 Andronici,
648 4287 671 4344 1,
682 4285 696 4331 θ
709 4304 715 4332 ι
727 4285 796 4353 cippo
810 4292 852 4341 τὰς
879 4283 967 4344 ἐλέγετο
986 4284 1078 4348 δορκνίς.
1102 4281 1145 4329 Est
1165 4283 1247 4348 ῖορκοίς
1267 4296 1345 4345 graeca
1365 4297 1409 4330 vo-

321 4363 398 4418 αἰτίοις
409 4369 467 4428 πρὸς
483 4370 522 4412 τὸν
539 4369 732 4430 πατριαρχοῖιντα
751 4365 852 4426 ἀνοίγον-
879 4359 958 4409 sabuli
973 4359 1068 4409 barbari
1087 4360 1228 4418 conversio,
1245 4376 1293 4410 non
1308 4361 1410 4410 alterum

321 4458 372 4499 τις,
386 4441 458 4490 δεινὸν
471 4444 524 4491 κατ’
542 4444 627 4491 ἐκείνου
639 4447 668 4499 εἰς
686 4443 797 4501 δόξαντος
810 4450 851 4499 τὴν
879 4439 986 4489 mulieris
1005 4455 1103 4488 nomen.
1121 4439 1181 4489 Sunt
1196 4449 1220 4487 el
1240 4440 1292 4488 aliae
1311 4439 1411 4489 editoris

321 4519 401 4567 αἰτίαν
414 4521 530 4587 εἰληφέναι
543 4530 583 4577 τῆς
595 4522 630 4570 ἐπ’
646 4521 742 4576 ἐκείνους
759 4522 852 4581 ἀγανα-
878 4518 955 4583 culpae
966 4520 1007 4586 qui
1019 4507 1145 4583 scripserit
1156 4522 1273 4577 εἰςιεῖσαν,
1284 4534 1329 4582 pro
1342 4520 1411 4572 εἰςιᾶ·
