3684 5659
441 624 512 696 2lll
776 632 810 690 Γ.
840 631 913 691 ΤΟΥ
939 627 1193 692 ΠΑΧΥΜΕΡΟΥΣ

440 769 492 841 της
509 772 562 831 τοῦ
579 764 817 857 φρονιμωτέρου,
835 760 890 828 εἶτ’
910 764 965 828 οὐκ
983 763 1161 854 αἰσχύνεται
1178 761 1269 840 ἀξιῶν
1283 761 1438 830 παιδεύειν
1458 765 1512 854 ἐμέ
1520 790 1531 847 ;

439 877 519 966 ταχὺ
538 878 573 941 ἀν
595 876 796 963 μεταμελήσοι
816 874 911 963 τούτῳ
932 885 984 951 τῆς
1001 879 1171 952 νουθεσίας.
1193 875 1258 941 Οὐκ
1278 880 1320 952 εἰς
1336 878 1459 969 μακράν
1478 877 1532 943 ε’κ-

441 985 558 1064 δέξεται
574 987 643 1062 τοὺς
660 986 785 1074 μισθοὺς
809 995 861 1062 τῆς
883 983 1084 1062 παιδεύσεως.
1104 969 1273 1078 Ῠθριζέτω,
1300 989 1460 1054 ἀπειλείτω
1479 991 1553 1060 τὴν

440 1097 634 1190 ἀποκήρυξιν,
651 1096 882 1190 προφασιζέσθω
899 1099 938 1160 τά
956 1100 1183 1189 ἀπροφάσιστα.
1204 1101 1312 1164 Φθονεῖ
1330 1125 1382 1186 μοι
1395 1108 1449 1176 τῆς
1462 1097 1535 1171 ἡδο-

440 1218 504 1285 νῆς·
528 1207 594 1274 ἀλλ’
607 1207 663 1273 ὑπὸ
680 1207 796 1273 πολλῶν
815 1206 884 1271 ὅσον
902 1206 956 1271 οὐκ
973 1204 1033 1278 ἥδη
1051 1208 1245 1279 ἐλεηθήσεται
1264 1233 1294 1272 ν.

488 1325 593 1384 Ταῦτα
611 1319 684 1409 πρὸς
702 1316 829 1393 πολλοὺς
851 1318 953 1408 ἔλεγε,
973 1321 1025 1382 καί
1043 1315 1134 1395 δῆλος
1151 1316 1186 1391 ἦν
1204 1321 1245 1408 μὴ
1264 1319 1308 1385 ὅτι
1329 1345 1364 1410 γε
1379 1344 1534 1413 σωφρονη-

441 1427 557 1514 σείωνί,
574 1430 653 1494 ἀλλά
671 1431 722 1493 καί
742 1430 781 1492 τὰ
798 1428 986 1516 ἔσχαταέμὲ
1000 1426 1149 1521 δρασείων
1162 1435 1258 1496 κακά.
1275 1434 1311 1495 Τί
1327 1437 1401 1523 γοῦν
1419 1429 1481 1497 ἔδει
1497 1460 1533 1521 με

439 1551 546 1626 ποιεῖν,
562 1537 586 1606 ὦ
602 1549 655 1615 τῆς
672 1539 744 1627 ἐμῆς
760 1538 856 1628 τύχης
874 1539 919 1605 ε’πί
936 1539 1023 1605 πλέον
1041 1539 1212 1632 ἐπηρεάζων
1227 1541 1294 1629 ε’μοί
1302 1589 1312 1625 ,
1327 1543 1446 1632 ὁρῶντα
1457 1539 1532 1609 ούτω

439 1655 628 1745 πράττοντα,
648 1653 700 1715 καὶ
727 1648 804 1714 ούτω
835 1647 1113 1744 διακείμενονπρδς
1132 1650 1183 1739 ε’μὲ
1208 1654 1258 1717 τὸν
1283 1655 1368 1730 υἱόν;
1387 1657 1534 1720 νουθετεῖν

439 1762 528 1829 πάλιν
547 1766 598 1827 καί
626 1762 729 1846 πάλιν,
760 1763 811 1825 καί
832 1760 977 1837 ἀπειλεῖν,
998 1764 1050 1825 καὶ
1070 1763 1121 1831 τήν
1139 1765 1250 1827 κακίαν
1275 1763 1391 1851 μᾶλλον
1409 1761 1535 1841 ἀναξαί-

440 1897 510 1957 νειν,
533 1876 584 1938 καί
603 1869 679 1960 μηδὲ
697 1873 762 1963 περὶ
779 1871 898 1959 ἐμαυτῷ
912 1874 1080 1964 θαρροῦντα
1099 1868 1228 1963 διοίγειν,
1250 1873 1330 1938 ἀλλὰ
1348 1874 1466 1966 τρέμειν
1482 1877 1531 1940 καί

440 1980 603 2069 δεδιέναιῗ,
625 1984 735 2048 ἐκείνου
754 1982 931 2073 φαινομένου
949 1982 1050 2065 ποθέν,
1076 1984 1127 2047 καὶ
1150 1980 1235 2048 οὐδὲν
1257 1979 1345 2056 ἧττον
1364 1991 1418 2050 τοῦ
1440 2009 1533 2077 φανε-

439 2102 499 2183 ρῶς
516 2094 659 2180 πολεμίου
684 2089 892 2178 διακειμένου;
914 2094 966 2155 καὶ
989 2094 1018 2155 τί
1040 2091 1128 2156 πλέον
1153 2089 1202 2177 ἦν,
1226 2098 1250 2159 εί
1268 2095 1355 2159 ταῦτ’
1378 2095 1532 2167 ἐποίουνή

440 2204 510 2269 καθ’
529 2203 659 2274 έκάστην
675 2198 846 2294 προςδοκφῖν
861 2204 1006 2283 θάνατον;
1023 2183 1112 2293 Ᾰφείς
1126 2207 1223 2269 τοίνυν
1236 2203 1308 2297 ὑπὲρ
1322 2206 1437 2271 ἐκείνου
1453 2231 1534 2300 φρον-

439 2319 530 2392 τίζειν
547 2317 587 2390 ὡς
604 2318 734 2389 ἀνιάτως
752 2317 892 2401 ἔχοντος,
920 2312 1211 2400 ἀναλαμθάνω·τοὐς
1231 2315 1304 2408 ὑπὲρ
1325 2316 1460 2405 ἐμαυτοῦ
1478 2318 1532 2383 λο-

439 2427 587 2520 γισμούς,
609 2428 661 2491 καί
690 2425 754 2508 ὅτι,
775 2430 884 2501 ζῶντος
903 2423 955 2512 μὲν
976 2423 1105 2509 ἐκείνου,
1126 2423 1237 2515 αἶσχος
1261 2426 1314 2514 μὲν
1336 2429 1401 2516 ἐμοὶ
1420 2431 1473 2495 καί
1492 2437 1532 2516 τῷ

440 2539 516 2629 γένει
533 2541 620 2604 παντί
641 2539 693 2603 καί
713 2536 767 2602 οὐκ
785 2543 822 2600 ἀν
840 2562 884 2611 τις
902 2537 1047 2600 ἀπόναιτο
1064 2532 1191 2616 Ιδδονίις,
1211 2538 1268 2602 κάν
1286 2540 1452 2631 ἀριστεύσρ
1468 2544 1531 2605 ποί-

441 2651 499 2734 λιν,
519 2651 575 2714 κάν
591 2652 789 2736 τιμηθήσεται
804 2648 907 2722 πάλιν,
936 2647 993 2710 κάν
1017 2646 1092 2710 ἀλλο
1113 2672 1141 2711 τι
1162 2648 1315 2740 σνμθαίνη
1333 2659 1393 2716 τῶν
1415 2646 1531 2723 ἡδύνειν

441 2761 569 2849 ε”χόντων
592 2764 746 2851 ἀνθρωπον
770 2757 839 2822 κατ’
864 2756 933 2844 ε’μέ·
958 2753 1091 2821 ἐκποδὼν
1109 2754 1142 2822 δὲ
1159 2759 1335 2850 γενομένου,
1356 2758 1438 2839 δέξει
1461 2760 1530 2828 ποτὲ

440 2873 473 2935 τὸ
493 2873 586 2935 κακὸν
604 2872 643 2944 ὡς
660 2865 737 2956 μηδὲ
754 2867 841 2956 φανὲν
859 2868 888 2931 ἐν
905 2876 948 2953 τῷ
966 2869 1083 2955 κόσμῳ·
1104 2873 1260 2935 κάντεῦθεν
1277 2873 1294 2936 δ
1314 2870 1367 2960 μὲν
1388 2873 1529 2965 ἁμαρτὼν

441 2979 528 3058 ἀξίας
547 2978 639 3045 δώσει
657 2976 792 3064 ποινάςῧ,
820 2979 848 3042 ἐν
865 2979 997 3069 ἀσφαλεῖ
1014 2975 1047 3042 δέ
1069 2975 1163 3055 διοίξω
1182 2983 1231 3046 τὸν
1254 2979 1321 3066 βίον
1345 2983 1416 3074 ἐγώ·
1439 2984 1526 3072 πατρί

474 3206 481 3231 ⁴
495 3204 555 3253 Cod.
567 3205 610 3262 sic,
620 3221 675 3253 eum
688 3203 840 3267 agrandiorc
850 3202 974 3266 superius·
1000 3223 1062 3263 ταις,
1074 3203 1139 3267 φοοδ
1151 3220 1197 3252 non
1211 3215 1278 3253 caret
1289 3205 1473 3268 probabilitate.
1489 3207 1531 3257 Su-

439 3300 487 3347 que
502 3292 586 3331 notato
603 3293 711 3347 puncto,
734 3283 801 3346 quasi
820 3280 973 3330 correctione
999 3283 1080 3345 perius
1091 3298 1116 3345 p.
1134 3284 1188 3338 136,
1201 3283 1265 3331 edidi
1278 3293 1472 3352 μεταχειρίσεως,
1486 3302 1528 3350 pro

439 3362 508 3411 ntralae
532 3362 628 3424 scriptae
651 3361 717 3425 prius
736 3359 834 3425 syllabae
856 3379 889 3422 γε.
911 3358 972 3407 Per·
998 3361 1117 3424 scriptura
1129 3360 1220 3411 codicis
1230 3371 1429 3430 μεταχειρήσεως·
1443 3364 1474 3414 de
1484 3380 1530 3430 qua

439 3441 539 3491 mutatio
554 3440 672 3489 vocalium
686 3463 699 3496 η
716 3462 723 3489 ι
737 3439 851 3488 mendum
865 3437 971 3503 peperit.
999 3440 1131 3487 mutatione
1144 3440 1273 3489 tacendum
1286 3441 1398 3491 nonfuit.

438 3519 578 3568 Alexander
594 3519 704 3583 Epistola
726 3518 757 3567 ad
783 3518 970 3582 Olympiadem:
1031 3515 1133 3579 'longit
1150 3519 1242 3581 pariter
1259 3525 1410 3587 τρέμωνκαὶ
1431 3523 1528 3572 διδιίναι

437 3602 536 3662 ἤλθομεν
551 3601 583 3653 εἰς
597 3606 638 3653 την
657 3601 751 3661 χλοϊιιὴν
765 3604 854 3664 χώραν,
870 3594 896 3645 ού
913 3594 971 3650 ἦσαν
997 3593 1106 3643 Julianus
1116 3595 1194 3659 Epist.
1206 3599 1237 3644 74
1251 3616 1257 3644 ε
1271 3604 1365 3665 τρέμειν
1375 3606 1416 3648 καὶ
1433 3602 1529 3650 δεδιέναι

438 3679 554 3743 ἄνθρωποι
568 3683 647 3737 γίγασι
663 3687 827 3744 παρεμφερεῖς.
843 3675 883 3723 Slc
895 3673 972 3723 edidit
997 3678 1120 3739 φερόμενον
1134 3677 1171 3723 ἐπὶ
1190 3688 1230 3733 τῆς
1247 3678 1361 3739 δημοσίας
1378 3680 1476 3736 ἀπήνης.
1495 3677 1528 3728 lbi

437 3767 504 3803 τεοῖο
513 3755 632 3818 Bergerus
642 3755 804 3818 Teratologia‚
816 3771 842 3818 p.
858 3755 915 3813 256,
926 3767 970 3815 pro
996 3752 1093 3816 lleyler.
1112 3753 1173 3802 Vide
1193 3755 1239 3804 alia
1253 3757 1368 3821 exempla
1386 3760 1409 3804 in
1424 3759 1489 3807 notis
1500 3757 1528 3805 ad

438 3842 522 3896 γήραοι
532 3833 597 3896 quod
610 3836 632 3880 in
645 3833 730 3880 codice
741 3842 874 3894 repererat.
889 3831 915 3879 ln
927 3846 970 3878 eo·
998 3831 1147 3896 Eunapium,
1161 3850 1185 3896 p.
1205 3836 1267 3893 164,
1280 3834 1321 3883 nbi
1338 3847 1363 3883 ct
1375 3835 1469 3886 similes
1480 3845 1529 3885 tra-

438 3912 493 3961 dem
506 3912 558 3976 ipso
576 3911 661 3960 codiee
675 3911 766 3974 reperit
780 3909 969 3958 Pseudo-Calli·
997 3910 1059 3958 ctavi
1076 3912 1239 3974 pleonasmos.
1253 3912 1368 3961 libanius
1384 3914 1430 3978 Ep.
1449 3915 1526 3963 1597:

437 3990 529 4039 slhcnis
540 3991 619 4039 editor
629 3998 732 4052 γήγετες,
743 3998 768 4035 ot
779 3987 879 4051 conjicit
889 3994 969 4050 γίγασι
996 3996 1097 4058 πέφρικα
1105 3997 1144 4039 καί
1153 3997 1240 4057 τρέμω.
1253 3990 1326 4040 Libet·
1339 3991 1436 4050 «ludim,
1450 3995 1490 4053 15,
1498 3995 1526 4041 2:

436 4085 463 4132 p.
476 4071 517 4117 86.
529 4069 598 4129 Quod
609 4069 627 4116 sl
635 4068 697 4117 beno
707 4067 775 4132 legit,
787 4066 901 4115 convenit
911 4065 968 4128 qul·
996 4069 1103 4117 ἐπέπεσεν
1113 4071 1149 4116 ἐπ’
1162 4069 1234 4119 norat
1244 4074 1312 4137 φόθος
1323 4078 1363 4119 καί
1374 4077 1470 4138 τρόμος.
1480 4072 1527 4136 Cy·

437 4147 492 4196 dem
507 4149 632 4197 sententiae
649 4146 803 4211 conjectura,
817 4145 861 4194 sed
875 4145 969 4209 legibus
994 4147 1063 4195 rillus
1073 4147 1101 4195 V.
1115 4147 1251 4211 Euthyrnii,
1263 4165 1289 4210 p.
1305 4154 1328 4197 11
1347 4169 1353 4197 ι
1367 4159 1415 4217 χρὴ
1430 4153 1453 4200 ἐν
1467 4154 1527 4219 φδῖῳ

437 4225 527 4273 criticis
535 4226 683 4276 adversam.
695 4227 789 4275 Etenim
799 4247 836 4282 τες
843 4235 879 4274 est
892 4226 970 4272 omnl-
995 4233 1034 4274 καί
1051 4231 1130 4293 τρόμῳ
1142 4230 1269 4294 λατρεύειν.
1281 4227 1380 4277 Plautus
1394 4229 1443 4278 Mil.
1457 4231 1527 4285 4,8:

437 4317 468 4348 no
482 4317 527 4366 pro
542 4324 605 4363 ταις,
624 4304 689 4353 finali
707 4305 780 4353 dativi
799 4304 900 4368 pluralis
920 4301 969 4365 syl·
997 4305 1148 4368 «llotuoquc
1171 4314 1195 4353 et
1219 4305 1292 4354 timeo
1311 4322 1342 4354 ne
1363 4307 1412 4356 hoe
1431 4306 1527 4357 tandem

435 4378 501 4427 laba.
512 4379 593 4430 Donec
606 4393 726 4431 asseratur
737 4383 827 4431 codicis
836 4383 967 4445 scriptura,
995 4383 1120 4446 propalam
1132 4384 1174 4431 liat
1188 4384 1292 4433 nimis».

434 4472 479 4521 pro
493 4466 586 4520 γηρετες
602 4459 730 4522 legendum
745 4476 857 4524 propono
874 4463 968 4522 φημενὲ-
1028 4457 1119 4518 ὕλξιάς
1130 4463 1198 4512 δώσει
1210 4461 1300 4526 ποινάς]
1314 4464 1449 4527 neglectior
1458 4463 1527 4528 adje-
