3684 5659
371 622 442 691 312
823 619 1014 683 ΙΕΡΟΚΛΗΣ

827 825 1004 873 ΦΘΟΝΕΡΟΙ.

422 967 494 1043 σιθ.
515 971 677 1066 Φθονερὸς1
689 976 731 1048 είς
749 980 888 1062 γναφεῖον
902 969 1055 1053 εἰσελθών,
1071 971 1124 1035 καί
1142 968 1183 1055 μὴ
1198 966 1289 1032 θέλων
1307 963 1465 1058 οὐρῆσαι’,

373 1088 515 1155 ἀπέθανε.

422 1229 488 1302 σιέ.
509 1228 673 1325 Φθονερὸςθ
688 1227 904 1304 οἰκοδεσπότης
919 1227 989 1306 τοὺς
1004 1228 1138 1304 ἐνοίκους
1156 1223 1229 1292 ἰδὼν
1244 1225 1463 1314 εὐτυχοῦντας,

373 1349 407 1414 ἐκ
423 1353 476 1412 τοῦ
496 1354 580 1412 οίκου
599 1343 690 1409 αὑτοῦ
709 1338 845 1419 ἐξεθίωξε
833 1367 859 1406 ε.

423 1499 573 1578 aad&
528 1510 573 1571 Φθ
577 1506 673 1618 ονεμὸς
680 1500 787 1569 ἰδὼν
815 1503 865 1568 τὸν
888 1503 1007 1593 γείτονα
1031 1504 1066 1572 θη
1047 1504 1294 1592 ηριομαχοϋντα,
1321 1498 1465 1597 λέγειτῷ

373 1617 554 1711 κυὸερνητη
577 1642 591 1673 «
608 1620 705 1709 Αρκος
720 1640 750 1680 ν.

423 1757 558 1856 σιζί.Ᾰλ
560 1780 609 1855 λος
560 1775 695 1845 2⁶82&
713 1774 788 1843 δειλ’
760 1778 827 1843 λιαν
841 1775 954 1868 ε’πέγρα
934 1776 1039 1863 αψεν
1026 1778 1072 1842 επὶ
1087 1781 1139 1841 τοῦ
1155 1777 1293 1885 μετώπου
1310 1798 1326 1831 τ(
1340 1755 1466 1849 Οτόπος

374 1902 431 1958 τῶν
450 1886 601 1983 καιρίων“
610 1915 638 1951 υ.
661 1891 825 1975 Παιόμενος
844 1881 894 1953 οὖν
912 1896 1047 1975 συνεχῶς
1069 1884 1131 1952 είπε
1148 1887 1221 1978 πρὸς
1242 1887 1293 1951 τὸν
1316 1887 1461 1950 παίοντα·

375 2030 390 2060 ο
407 2007 454 2074 Μη
471 2028 499 2067 τι
517 2026 603 2077 ουτος
620 2003 786 2092 γράμματα
801 2025 855 2063 ουκ
873 1995 955 2083 οἶδε,
975 2000 1026 2063 καί
1045 2000 1163 2090 ἀναιρεῖ
1179 2011 1266 2084 με,
1233 2022 1264 2054 ν·

423 2156 494 2236 σιη’.
521 2159 638 2239 Δειλὸςτ
664 2162 777 2238 πύκτης
804 2171 938 2251 συνεχῶς
960 2163 1120 2248 παιόμενος
1145 2159 1201 2224 ὑπὸ
1225 2164 1278 2224 τοῦ
1302 2156 1465 2223 ἀντιπάλου

375 2273 536 2345 ἀνεὸόησε·
557 2298 572 2331 «
589 2273 702 2360 Δέομαι
719 2270 817 2359 ὑμῶν·
838 2273 879 2359 μὴ
897 2275 1005 2348 ποίντες
1022 2272 1095 2357 ὁμοῦ
1111 2298 1138 2332 ν.

810 2458 1021 2514 ΛΙΜΟΞΗΡΟΙΒ.

425 2602 494 2676 σιθ’.
521 2606 704 2700 ίλιμόξηρος9
721 2604 869 2699 λιμοξήμῳ
889 2608 1040 2700 θυγατέρα
1058 2602 1213 2691 ἐκδιδούς,
1234 2609 1286 2672 καὶ
1306 2607 1464 2700 ἐρωτώμε-

373 2749 422 2798 νος
444 2725 473 2786 τί
496 2721 572 2810 αὐτῇ
596 2730 708 2812 προῖκα
732 2714 876 2798 (λίθωσιν,
901 2744 917 2777 (ι
933 2721 1041 2784 Οἰκίαν
1061 2747 1075 2777 ν
1097 2723 1169 2810 ἔφη,
1190 2743 1206 2775 τ(
1224 2714 1358 2806 δίδωμι,
1378 2713 1414 2794 ἧς
1434 2717 1465 2781 αἱ

375 2829 491 2923 θυρίδες
509 2836 551 2907 είς
568 2834 601 2896 τὸ
619 2835 812 2922 οίρτοκοπεῑον
830 2827 975 2914 βλέπουσι
990 2856 1017 2892 ν.

424 2985 482 3057 οκ’.
512 2990 706 3085 Λιμόξημος10
728 2990 927 3085 παιδοτρίθης
952 2991 1024 3059 ίθὼν
1046 3001 1135 3085 ἄρτον
1158 2998 1358 3083 κρεμάμενον,
1385 2992 1461 3060 εἶπε·

374 3130 389 3161 τ(
406 3104 625 3186 Καταθαίνειςς
647 3104 864 3194 απαγγέλλεις;
883 3106 902 3176 ἢ
920 3105 1074 3170 οὶναθαίνω
1093 3107 1144 3170 καί
1164 3108 1322 3196 ἀπαρτίζω
1341 3131 1376 3170 σε
1392 3132 1424 3182 ν;

406 3325 414 3349 ¹
428 3324 510 3373 Exstat
522 3325 545 3373 in
560 3341 608 3374 uno
622 3327 650 3374 Α.
967 3328 976 3353 ⁷
989 3328 1079 3377 Eadem
1089 3331 1193 3377 narratio
1204 3327 1220 3392 ς
1231 3327 1278 3379 σθ’.

406 3400 453 3452 ’ln
467 3419 511 3450 usu
526 3403 599 3452 fuisse
611 3404 714 3463 videtur,
730 3415 757 3453 ut
776 3405 815 3469 qui
829 3405 905 3456 fullo-
967 3405 976 3432 ⁸
991 3407 1088 3456 Viden.
1104 3408 1135 3456 ad
1150 3407 1166 3472 ς
1180 3408 1236 3463 ινη’.

373 3482 408 3529 nis
420 3481 538 3532 officinam
549 3483 662 3543 intraret,
674 3484 791 3539 vesicam,
801 3487 819 3534 si
831 3487 905 3535 ferret
966 3483 975 3509 ⁰
987 3486 1071 3535 Exstat
1082 3487 1104 3534 in
1116 3503 1164 3534 uno
1175 3490 1204 3535 Α.

372 3573 456 3616 casus,
471 3559 503 3607 ibi
522 3571 680 3620 exoneraret,
697 3578 768 3626 quum
788 3563 818 3610 sit
834 3565 904 3612 urina
967 3563 1074 3614 10Αίιοεῑ
1091 3566 1122 3614 ab
1140 3565 1202 3613 Edd.
1222 3565 1264 3613 Est
1282 3566 1313 3612 48
1332 3566 1357 3613 in
1374 3564 1462 3630 Apogr.

371 3635 401 3683 ad
414 3637 537 3686 fulloniam
549 3640 572 3686 in
586 3640 668 3701 primis
679 3639 773 3688 idonea.
932 3641 1002 3690 Voss.
1024 3655 1048 3692 οι
1069 3643 1128 3702 nh„
1150 3644 1190 3693 ubi
1210 3664 1215 3690 ι
1238 3648 1288 3707 λιμ.
1314 3647 1463 3707 παιδαγωγὸς

405 3713 510 3762 ³Exstat
524 3715 547 3762 in
561 3732 609 3764 uno
623 3718 652 3765 Α.
933 3722 987 3769 ἰδὼν
1000 3723 1025 3770 ἄ.
1042 3723 1064 3770 ἔν
1076 3742 1121 3771 τιν.
1135 3722 1169 3784 (οἱ
1186 3721 1225 3770 hic
1239 3721 1289 3785 jam
1305 3739 1355 3771 non
1368 3739 1462 3789 possum

405 3790 513 3839 *Exstat
531 3793 554 3839 in
573 3809 620 3841 uno
641 3797 668 3843 Α,
689 3795 798 3843 Narratio
816 3797 903 3846 lacuna
932 3814 998 3846 meas
1014 3799 1142 3847 schedulas
1155 3800 1248 3863 legere)
1266 3822 1335 3868 κμεμ.
1351 3824 1373 3851 κ.
1391 3805 1463 3862 ἁπαγ.

370 3868 481 3918 laborare
505 3869 608 3920 videtur.
630 3871 700 3932 Quod
719 3883 830 3934 superest
855 3892 903 3924 non
931 3878 1075 3933 ἣάναὸκίνω
1086 3881 1196 3945 ἀπαμίζω
1208 3899 1232 3927 σε
1246 3878 1327 3942 (Voss.
1340 3883 1464 3946 ἀπαρτίζον

371 3958 450 4012 potest
462 3947 571 4012 intelligi.
931 3957 975 4016 σε).
999 3955 1079 4004 Μυλῑιε
1097 3965 1153 4005 sunt
1176 3965 1201 4005 et
1216 3957 1319 4020 prolixae
1341 3960 1374 4008 de
1393 3959 1465 4009 νετλιη

405 4026 414 4051 ⁶
424 4027 507 4075 Exstat
519 4027 542 4074 in
553 4043 600 4075 uno
612 4026 639 4074 Α.
649 4025 725 4075 Recte
735 4027 903 4079 animadvertit
931 4036 1055 4100 ἀπαμτίζω
1070 4033 1158 4082 Rhoerii
1178 4045 1203 4083 et
1214 4035 1317 4086 aliorum
1334 4039 1467 4101 cogitatio·-

370 4115 449 4162 Μηνᾶς
467 4107 590 4170 μετῑίηοτο
610 4105 759 4156 historiolam
779 4108 810 4157 ad
831 4121 904 4174 caput
931 4126 988 4170 nes,
1007 4126 1037 4158 οκ
1058 4111 1144 4176 quibus
1161 4113 1200 4160 vix
1219 4113 1343 4177 proficere
1357 4127 1405 4166 est.
1420 4117 1466 4166 Fa-

371 4192 423 4251 πεμὶ
434 4187 524 4233 δειλῶν,
930 4188 1030 4237 melicus
1046 4189 1085 4237 ille
1099 4189 1172 4238 homo
1192 4201 1229 4239 est
1249 4192 1401 4255 paedotriba‚
1419 4211 1466 4260 gy-

404 4261 459 4318 ὓΑ,
474 4271 565 4328 κυρίων.
583 4262 705 4328 Rescripsi
720 4272 824 4330 καιρίων.
845 4265 901 4326 Quae
930 4276 1038 4326 mnasta,
1057 4269 1178 4332 magister,
1194 4268 1244 4317 ludi
1264 4272 1392 4334 magister.
1406 4274 1465 4322 Nan·

371 4340 469 4387 nomina
508 4356 572 4404 saepe
612 4342 800 4393 confunduntur.
841 4344 901 4394 Vide
929 4343 1028 4393 incertae
1041 4346 1224 4409 significationis
1238 4358 1276 4396 est
1292 4366 1384 4400 nomen
1401 4368 1468 4416 ςπε-

371 4432 396 4478 p.
411 4416 468 4473 943,
486 4432 510 4464 n.
527 4420 551 4464 9.
929 4436 994 4472 οιιιπ.
1009 4423 1066 4472 Mihi
1079 4424 1177 4489 quidem
1194 4426 1290 4476 videtur
1300 4444 1390 4491 panem
1403 4431 1466 4480 allo-
