3684 5659
437 625 484 695 88
773 633 808 691 Γ.
837 631 911 691 ΤΟΥ
932 629 1187 691 ΠΑΧΥΜΕΡΟΥΣ

436 762 491 839 τ’όις
514 759 656 849 δυνάμεις
677 760 769 827 αύτοῦ
777 758 799 846 ¹,
825 764 877 826 καὶ
899 762 1068 852 ἀναρρῶσει
1086 765 1287 838 πεπονηκυίας
1303 772 1372 839 ταῖς
1388 761 1528 854 ὑποσχέ-

437 896 505 939 σεσι
513 919 523 957 ,
538 875 590 937 καὶ
607 872 755 962 μεγάλαις
769 871 883 937 ἐλπίσιν
897 869 993 945 αύτάς
1007 872 1158 961 θαρρυνεῖ.
1173 874 1232 937 Καί
1250 874 1317 937 τότε
1330 873 1448 939 πολλῶν
1459 873 1529 961 ὑμῖν

437 979 539 1055 δεήσει
562 985 681 1059 ποίντως
705 990 906 1074 παρασκευῶν
928 982 1001 1073 πρός
1023 983 1073 1047 τὸν
1099 981 1169 1046 κατ’
1189 982 1283 1048 αῦτοῦ
1307 984 1454 1072 πόλεμον·
1478 990 1529 1050 νῦν

436 1091 489 1180 δέ,
515 1091 582 1159 ἀλλ’
601 1092 775 1185 ἐπαρθέντες
791 1103 827 1182 τῇ
843 1096 929 1182 νίκη,
948 1093 1005 1157 κᾶν
1023 1092 1193 1158 ἀκούσωσιν
1212 1091 1362 1179 ἐξιόντας,
1383 1094 1418 1160 οῦ
1435 1119 1529 1187 φρον-

435 1210 547 1270 τιοῦσι.
575 1205 615 1268 Τὸ
639 1206 698 1294 γάρ
722 1213 775 1280 τῆς
800 1207 884 1279 νίκης
907 1201 1038 1295 ύπόγνον
1060 1206 1112 1268 καὶ
1139 1205 1214 1295 πρὸς
1235 1204 1357 1269 τοῦπιόν
1381 1203 1531 1296 ἐχέγγυον

437 1311 537 1396 δόξει,
557 1317 609 1380 καί
634 1316 801 1402 ἀνετοίμοις
819 1312 1012 1405 προςθαλεῖτε
1031 1315 1082 1377 καί
1106 1313 1332 1405 ἀπαρασκεύοις
1350 1311 1527 1402 σνμμίξετε.

436 1427 494 1490 Καὶ
515 1422 585 1490 ὅσον
602 1421 692 1501 δόξης
709 1422 778 1512 ὑμῖν
795 1426 939 1495 νικήσασι
954 1423 1109 1515 περιέσται
1127 1423 1270 1509 ἐντεῦθεν,
1288 1423 1342 1489 οῦκ
1356 1427 1419 1514 ἔχω
1433 1424 1530 1516 λέγειν

436 1534 519 1624 ὑμῖν.

485 1648 542 1711 Διά
555 1643 671 1729 τοῦτο’,
691 1642 812 1738 ἄνδρες,
832 1647 1022 1738 παρακαλῶ,
1042 1647 1083 1734 μὴ
1096 1647 1147 1711 τὸν
1160 1646 1265 1738 καιρόν
1278 1641 1476 1738 προίῶμεθοδ,
1496 1637 1531 1712 οῦ

436 1759 536 1823 ποίντα
549 1753 668 1848 ύστερα
684 1757 865 1844 πολεμοῦσι,
885 1758 926 1845 μὴ
942 1755 976 1822 δὲ
989 1755 1218 1848 κατατρίῦωμεν
1230 1761 1335 1821 τοῦτον
1352 1752 1407 1822 διά
1423 1765 1529 1834 κενῆς·

437 1865 519 1951 ἀλλ’,
545 1866 599 1931 ἀπ’
622 1866 716 1931 αῦτοῦ
740 1863 852 1955 σχεδὸν
871 1873 925 1932 τοῦ
948 1864 1180 1957 βουλευτηρίου,
1202 1869 1242 1931 τὰ
1268 1865 1346 1932 ὅπλα
1366 1865 1531 1953 λαθόντες,

437 1973 572 2063 ἐξίωμεν.
599 1972 711 2052 Μηδεὶς
735 1977 897 2054 ἀσυντελὴς
918 1979 992 2070 πρὸς
1014 1979 1067 2048 τὴν
1088 1982 1247 2068 παροῦσαν
1264 1977 1370 2068 χρείαν
1389 1980 1512 2068 φανήτω
1519 2024 1531 2063 ,

436 2083 543 2177 μηδεὶς
565 2089 717 2179 ῥᾴθυμος,
740 2083 847 2174 μηδείς
869 2088 1106 2164 ἀναπεπτωκῶς.
1132 2068 1207 2153 Ᾰλλ’
1225 2088 1251 2151 οἱ
1270 2085 1322 2174 μὲν
1344 2087 1530 2178 ψηφίζεσθε·

438 2199 465 2264 οἱ
490 2193 539 2263 δ“
557 2196 669 2284 ἕτοιμοι
690 2200 807 2289 γίνεσθε
830 2199 904 2289 πρὸς
920 2200 973 2270 τὴν
997 2195 1116 2275 ἔξοδον·
1137 2198 1165 2263 οἱ
1183 2193 1213 2262 δ’
1234 2197 1369 2274 ῦπλίζεθε
1385 2197 1530 2283 τούτους,

437 2310 509 2394 καί,
528 2308 585 2399 πρὸ
602 2313 654 2372 τοῦ
669 2308 710 2372 τά
727 2306 805 2376 ὅπλα
822 2304 1027 2394 ἐνδύσασθαι,
1047 2309 1166 2400 λόγοις,
1189 2309 1230 2384 ῶς
1247 2309 1346 2394 εἰκός,
1364 2307 1533 2400 παρακλη-

437 2415 576 2510 τηρίοιςῧ,
597 2419 624 2483 οἱ
647 2414 682 2483 δὲ
706 2418 759 2484 σὺν
784 2422 886 2510 ἀγαθῇ
903 2419 982 2510 τύχη
1006 2418 1208 2511 προπέμπετε.
1231 2419 1268 2483 Οἱ
1294 2415 1328 2483 δὲ
1351 2422 1531 2510 πρυτάνεις,

438 2528 609 2617 ἑτοιμόζετε
626 2530 682 2605 τάς
698 2533 823 2622 τροφός.

487 2644 524 2704 Εἰ
545 2638 578 2705 δὲ
595 2643 646 2705 καὶ
666 2637 779 2716 ξενικοῦ
798 2637 898 2713 δεήσει
906 2687 916 2725 ,
946 2640 1047 2733 θρέψει
1065 2643 1117 2706 καὶ
1140 2639 1304 2716 τούτουςὴ
1326 2638 1432 2714 πόλις·
1460 2635 1533 2706 οὐδὲ

438 2754 498 2843 γάρ
512 2753 680 2840 ἀποροῦμεν
694 2753 875 2843 χρημάτων·
895 2753 1006 2828 ἱκανῶς
1023 2756 1087 2840 ἔχει
1101 2760 1160 2817 τῶν
1174 2753 1249 2843 πρὸς
1263 2751 1317 2822 τὴν
1333 2752 1454 2842 χρείαν.
1470 2752 1532 2816 Καὶ

439 2861 546 2927 ἀλλοτε
563 2860 616 2948 μὲν
633 2868 706 2936 ίσως
720 2863 754 2925 τό
769 2863 865 2927 κοινὸν
879 2863 1052 2934 συντελησει
1070 2872 1139 2939 ταῖς
1155 2866 1295 2953 χρείαις,
1315 2863 1366 2926 καὶ
1386 2860 1483 2954 ὥςπερ
1501 2858 1534 2940 ἐξ

440 2971 545 3062 ἐράνου
567 2972 646 3046 τινός
667 2973 682 3037 ό
704 2968 798 3059 δῆμος
816 2972 1018 3064 συνειςενέγκη
1037 2978 1200 3067 χρῄζουσι.
1222 2973 1301 3050 Τέως
1322 2969 1356 3038 δὲ
1377 2973 1534 3040 τὸκοινόν

439 3093 574 3169 ταμιεῖον
598 3081 720 3172 ἀρκέσει
744 3084 796 3147 καὶ
815 3084 834 3153 ἡ
852 3081 1030 3174 ἀκρόπολις6
1047 3085 1121 3175 πρὸς
1141 3086 1192 3149 τὸν
1212 3084 1445 3176 παρεμπεσόντα
1470 3084 1528 3149 πό-

440 3190 541 3278 λεμον.
1252 3218 1254 3222 ·

489 3304 547 3366 Καὶ
565 3302 662 3367 ποίλαι
676 3300 728 3390 μἐν
740 3299 812 3393 ὑπὲρ
827 3283 978 3368 (λλννθίων
996 3304 1178 3393 ὁρμωμένοις
1192 3306 1357 3396 χρημάτων
1371 3299 1463 3388 ἔδειῗ,
1477 3304 1532 3368 καί

439 3414 512 3505 πρὸς
527 3415 567 3478 τά
583 3415 713 3506 θεωρικά
731 3409 873 3501 τῷδήμῳ
893 3412 1082 3501 ε’ῦλέπομενθ,
1100 3416 1140 3489 ῶς
1154 3411 1304 3501 μηδαμῶς
1321 3419 1412 3478 όντων
1425 3412 1533 3504 ἑτέρων

440 3532 681 3615 στρατιωτικῶν·
703 3529 754 3589 νῦν
771 3519 822 3607 δέ,
841 3527 893 3589 καί
913 3526 953 3588 τά
970 3527 1100 3616 θεωρικόι
1124 3531 1261 3611 μενοῦσιν
1282 3527 1533 3616 ἀπαρεγχείρητα

473 3802 481 3828 ⁴
493 3801 591 3862 Codex,
602 3802 684 3853 αὐτοῦ.
1033 3802 1042 3828 ⁷
1054 3801 1163 3867 Respicit
1176 3800 1285 3852 nobilem
1295 3801 1377 3852 locum
1386 3800 1534 3851 Bemonthe·

472 3878 587 3931 'Schola
598 3882 711 3944 ἐπίλογος.
998 3883 1035 3932 πίε
1053 3879 1150 3947 olynth.
1169 3882 1199 3940 3,
1216 3878 1233 3944 §
1250 3881 1334 3929 6:321
1350 3881 1376 3929 δὲ
1389 3885 1533 3949 χρημάτων.

473 3958 609 4020 ³Nam,ut
627 3957 703 4023 Syrus
722 3961 772 4010 ait:
786 3977 797 4003 ι
810 3959 911 4009 Occasio
926 3971 972 4009 ro-
998 3959 1150 4024 Nicephorus
1174 3956 1299 4008 Chumn'us
1317 3957 1395 4023 Epist.
1421 3958 1483 4017 160,
1506 3958 1533 4008 in

440 4036 771 4177 οθξῑὲῦδέῗῗιῦίβδξᾶξὲλῑελο
780 4117 870 4167 statim.
997 4037 1218 4186 ἐύῗέιζνλέαῗῦῦι
1227 4037 1375 4174 ξύῦιιῧιάλοξέξ
1388 4037 1533 4184 {Zama

473 4194 483 4220 ⁸
498 4194 538 4244 Sic
554 4199 744 4264 παρακλητήριος
759 4195 888 4246 subaudito
907 4199 972 4259 λόγος
997 4201 1028 4245 τὰ
1042 4202 1108 4246 κοινὰ
1119 4204 1227 4252 συνετῶν,
1243 4201 1283 4244 καί
1295 4198 1370 4252 καλῶς
1378 4196 1482 4263 εἴρηται,
1495 4192 1533 4245 lbi

439 4273 500 4322 infra
511 4290 538 4338 p.
552 4277 608 4335 118,
618 4291 643 4326 n.
658 4279 680 4324 1.
692 4275 762 4325 Conf.
770 4275 843 4325 Thes.
853 4274 971 4339 Stephani
996 4283 1054 4322 nota
1065 4291 1090 4337 p.
1107 4274 1153 4323 180
1160 4292 1167 4334 3
1182 4273 1239 4323 coll.
1254 4271 1342 4337 Rnd'rg.
1357 4272 1388 4322 ad
1400 4273 1471 4323 Dem.
1481 4272 1501 4322 Ι.

438 4349 494 4399 Did.
506 4351 531 4400 in
545 4358 743 4423 παρακλητηριος.
1030 4349 1040 4376 ⁸
1052 4349 1205 4401 Suasittecte
1215 4351 1390 4401 Demosthenes
1399 4360 1427 4401 ut
1435 4358 1468 4401 τὰ
1477 4355 1533 4401 θεω-

471 4426 481 4453 ⁰
494 4428 521 4478 ln
528 4430 636 4495 acropoli
643 4441 696 4481 erat
702 4431 839 4482 Thesaurus
847 4429 967 4495 publicus.
996 4436 1052 4498 ρικά
1061 4429 1149 4481 fierent
1159 4429 1428 4500 στρατιωτικάθίγιιιίι.
1441 4427 1493 4495 ³,ss
1504 4431 1530 4479 ⁶.
