3684 5659
443 632 514 703 292
893 633 1087 694 ΙΕΡΟΚΔΗΣ

493 763 573 864 ρκα’.
592 752 777 860 Ᾰὸδηρίτης“
795 763 867 831 ἰδὼν
883 763 998 858 δρομέα
1014 765 1251 856 ἐσταυρωμένον,
1270 761 1352 829 εἶπε·
1370 787 1386 818 u
1401 764 1453 828 Μὰ
1472 763 1537 838 τούς

447 881 548 966 θεούς,
569 871 654 954 ούτος
673 878 728 943 οὐκ
744 881 786 941 ἔτι
803 877 922 969 τρέχει,
942 876 1022 940 ἀλλὰ
1037 870 1182 940 πέταται’
1200 902 1229 940 ν.

494 1035 572 1135 ρκὸί.
596 1026 782 1134 Ᾰύέηρίτηέ
802 1043 928 1112 λεκάνην
950 1039 1056 1104 ἐπώλει
1079 1041 1122 1126 μὴ
1141 1042 1274 1127 ἔχουσαν
1291 1039 1384 1102 ὠτία.
1402 1037 1488 1112 Τινὸς
1505 1032 1539 1100 δὲ

448 1153 654 1246 ἐρωτήσαντος
676 1150 730 1218 διὰ
749 1158 779 1219 τί
797 1154 890 1228 αὐτῆς
906 1148 958 1243 ἦρε
976 1152 1015 1215 τὰ
1032 1151 1127 1234 ὠτία,
1147 1145 1358 1241 ἀπεκρίνατο*,
1378 1173 1393 1205 «
1411 1149 1462 1212 ίνα
1478 1152 1536 1235 μή,

448 1265 611 1331 ἀκούσασα
629 1265 673 1330 ὅτι
690 1266 852 1344 πωλεῖται,
869 1264 949 1355 φύγῃ
964 1289 994 1327 ν.

498 1407 578 1507 pns-
607 1397 793 1507 A'etuptmff
817 1415 867 1479 τὸν
890 1413 1008 1505 πατέρα
1033 1413 1253 1484 τελευτήσαντα
1276 1413 1360 1476 κατὰ
1381 1413 1433 1476 τὸν
1455 1413 1540 1498 νόμον

449 1526 588 1607 καύσας,
611 1522 734 1618 δραμὼν
752 1530 794 1602 εἰς
812 1527 864 1597 τήν
878 1529 990 1609 οἰκίαν,
1006 1526 1080 1617 πρὸς
1092 1525 1144 1593 τὴν
1158 1521 1273 1612 μητέρα
1285 1521 1380 1586 αὐτοῦ
1393 1528 1540 1587 νοσοῦσαν

451 1633 547 1702 εἶπεν·
566 1619 697 1728 «ὀλίγα
715 1641 757 1703 ἔτι
775 1637 938 1728 περιττεύει
955 1634 1049 1713 ξύλα·
1068 1639 1094 1701 εἰ
1113 1627 1163 1700 οὖν
1182 1629 1285 1718 βούλει
1302 1635 1354 1697 καί
1379 1629 1537 1706 δύνασαιθ,

451 1757 514 1823 τοῖς
531 1747 633 1824 αὐτοῖς
650 1747 859 1818 κατακαύθητι
875 1774 902 1808 ν.

500 1887 579 1988 ρκύ.
601 1877 786 1987 λλὸὃηρίτιιιςΊ
803 1895 872 1960 κατ’
890 1893 980 1988 ’όναρ“
997 1893 1145 1988 χοιρίδιον
1168 1895 1273 1963 ἐπώλει
1295 1899 1349 1962 καί
1367 1895 1466 1972 ἐζήτει
1483 1891 1540 1967 δη-

453 2010 541 2099 νοίρια
571 2006 691 2071 ἑκατόν.
721 2003 862 2082 Διδόντος
889 2002 924 2071 δέ
951 2031 1030 2083 τινος
1057 2010 1261 2079 πεντήκοντα,
1292 2009 1333 2095 μὴ
1362 2003 1540 2095 βουλόμενος

451 2115 568 2202 λαύείν,
602 2113 769 2181 διύπνισεί.
793 2117 964 2206 Καμμύσας
973 2114 993 2149 ¹⁰
1011 2110 1079 2201 ούν,
1107 2120 1159 2183 καί
1179 2120 1231 2188 τὴν
1252 2128 1344 2210 χεῖρα
1367 2120 1539 2209 προτείνας,

453 2224 532 2292 εἶπε·
556 2252 571 2285 «
588 2229 644 2303 Δὸς
660 2228 717 2292 κᾶν
733 2230 773 2292 τὰ
789 2231 973 2299 πεντήκοντα
987 2253 1016 2290 ν.

502 2368 574 2467 ρκέ.
602 2359 797 2469 ΑἘὃηρίτον11
823 2381 978 2468 στρουθίον
998 2378 1139 2444 ἀπέθανε.
1164 2380 1248 2442 Μετὰ
1270 2371 1321 2443 ούν
1344 2380 1454 2470 χρόνον
1474 2373 1543 2443 ἰδὼν

456 2485 756 2578 στρουθοκάμηλον”,
773 2485 867 2553 εἶπεν·
885 2514 901 2545 (ι
916 2493 952 2554 Εἰ
970 2492 1021 2565 ἔζη
1036 2490 1069 2554 τὸ
1083 2491 1238 2578 στρουθίον
1251 2514 1323 2576 μου,
1339 2485 1400 2561 ἤδη
1415 2490 1453 2554 ἂν
1464 2489 1544 2561 τηλι-

455 2603 561 2664 κοῦτον
577 2597 692 2691 ὑπῆρχε
708 2627 736 2664 ν.

504 2741 584 2840 ρκέ.
604 2730 799 2842 Ᾰίδηρίτης”
815 2754 857 2825 είς
873 2731 966 2815 ῥόδον
981 2745 1202 2837 ἀποδημήσας,
1222 2751 1263 2825 ὡς
1280 2750 1313 2814 ἐκ
1329 2755 1384 2814 τοῦ
1401 2751 1545 2834 ὀνόματος

455 2858 524 2933 τοὺς
540 2861 662 2946 τοίχους
681 2857 845 2945 tutatust.

510 3010 586 3110 put'u
607 3001 802 3113 Ᾰύιληρίτιις115
819 3025 936 3115 ὀνάριόν
952 3050 1008 3089 τινι
1026 3035 1199 3115 χρεωστῶν,
1220 3029 1272 3091 καί
1291 3028 1332 3112 μὴ
1352 3031 1452 3116 ἔχων,
1470 3051 1546 3118 παρ-

456 3131 556 3194 εκάλει
573 3133 621 3195 ίνα
642 3131 706 3195 ἀντ’
725 3132 817 3196 αὐτού
836 3129 890 3198 δύο
909 3137 1049 3221 ἡμιόνους
1065 3140 1226 3227 παράσχῃ.

490 3348 497 3374 ¹
511 3351 538 3400 ln
550 3350 572 3399 Μ
582 3352 628 3410 ttt;
639 3353 671 3400 75
680 3351 704 3399 in
716 3352 743 3401 P.
757 3351 854 3401 Abesta
869 3353 976 3418 reliquis.
1050 3353 1070 3379 ⁴¹
1083 3355 1110 3404 lu
1124 3355 1203 3413 tt95;
1217 3357 1249 3404 82
1261 3355 1284 3404 in
1297 3356 1324 3404 P.
1338 3356 1438 3406 Aberta
1451 3356 1545 3421 reliquis

491 3427 500 3452 '
511 3430 549 3491 M,
559 3432 710 3498 ἐστρωμένον.
722 3430 788 3480 Bene
798 3432 921 3482 divinabat
929 3433 989 3482 Pon·
1015 3431 1093 3481 libris.

457 3519 540 3567 tanus,
561 3512 601 3574 qui
617 3511 702 3567 vertit,
718 3528 730 3553 u
747 3527 927 3576 suspensum».
950 3512 988 3569 tt,
1050 3511 1071 3536 ¹¹
1089 3513 1347 3573 «struthiocamelus,
1366 3515 1419 3562 aris
1442 3529 1515 3577 genus
1534 3531 1547 3560 ιι

457 3593 547 3636 πὲιετε.
559 3586 590 3634 Et
603 3585 666 3635 bene
682 3587 820 3638 Pomanus:
834 3607 845 3632 ι
857 3590 920 3638 volat
932 3608 953 3636 ν.
1016 3606 1115 3654 passere
1136 3601 1161 3640 et
1183 3591 1277 3640 camelo
1298 3592 1465 3656 appellatum,
1483 3593 1546 3656 quast

492 3664 501 3688 ³
515 3665 541 3711 lu
553 3665 576 3712 M
591 3667 621 3712 93
631 3685 636 3724 ;
648 3668 679 3713 80
690 3668 713 3714 iu
725 3667 752 3714 P.
766 3666 841 3716 Abest
853 3682 866 3714 u
879 3669 987 3733 reliquis.
1015 3685 1099 3730 passer
1117 3670 1282 3732 magnitudine
1297 3671 1418 3720 camelum
1437 3686 1547 3734 aequaus,

490 3739 549 3799 ⁴M,
565 3745 624 3790 ὠτία
641 3746 798 3808 ἀπεκρίνατο,
812 3745 896 3795 mediis
911 3749 988 3795 omis·
1015 3748 1046 3795 de
1061 3764 1108 3812 quu
1119 3748 1222 3802 Plinius.
1240 3749 1256 3796 l.
1276 3751 1319 3806 10,
1333 3766 1355 3798 c.
1375 3753 1396 3797 1.
1407 3749 1549 3797 AliasStru-

456 3820 497 3868 tis.
510 3819 630 3868 Pomanus
642 3823 785 3870 seutentiam
798 3827 931 3888 perspexit.
1017 3825 1066 3873 thio
1085 3844 1105 3870 ν.
1129 3826 1204 3874 Pour.
1222 3826 1266 3886 Qui
1289 3830 1493 3892 οτρουθοιιάμηλος
1512 3825 1549 3874 di-

493 3897 502 3921 ⁵
515 3898 598 3947 Exstat
607 3899 630 3947 iu
643 3915 691 3948 uuo
704 3899 734 3948 Α.
1016 3913 1088 3960 cunt,
1104 3903 1193 3952 habent
1207 3907 1355 3954 recentiores
1366 3916 1391 3954 et
1403 3907 1471 3955 aliud
1483 3920 1548 3954 cum-

491 3978 501 4004 *
512 3979 549 4039 Α,
562 3981 601 4028 ἐὰν
611 3999 632 4028 ο.
646 3982 717 4048 βούλῃ
727 3999 749 4028 ιι.
762 3981 875 4039 δύνασαι,
889 3981 987 4030 soloece.
1016 3983 1121 4045 positum
1129 3983 1193 4048 quod
1201 3984 1259 4032 mihi
1267 3984 1366 4049 quidem
1375 3986 1458 4048 placet
1468 3985 1550 4050 magis.

457 4056 572 4117 Correxi,
587 4061 607 4106 εἰ
625 4076 645 4107 ο.
666 4061 757 4126 βούλει,
773 4076 846 4124 quurn
865 4063 886 4109 εἰ
908 4071 932 4108 et
950 4063 989 4110 ἐάν
1016 4068 1210 4127 καμηλοποὺλιον.
1226 4064 1334 4113 Sintiliur
1348 4075 1385 4112 est
1397 4065 1464 4114 enim
1478 4066 1515 4114 avi
1529 4065 1551 4112 iu

459 4147 626 4199 permutentur
637 4135 716 4204 ἕρκε’.
1017 4158 1107 4204 genere
1119 4160 1191 4205 quum
1205 4143 1297 4206 passeri
1307 4149 1521 4208 στρονθοκοίμηλος.

492 4214 500 4239 ⁷
513 4216 538 4261 Ιιι
550 4216 574 4263 Μ
588 4216 634 4274 943
649 4219 675 4263 81
691 4219 714 4264 in
726 4218 752 4266 P.
767 4217 841 4266 Abest
853 4236 866 4266 ο
880 4220 986 4282 reliquis.
1050 4218 1110 4268 Η1η
1126 4220 1147 4268 Μ
1161 4221 1191 4265 ott
1201 4241 1206 4277 ;
1218 4224 1247 4267 Sl}
1261 4222 1284 4268 in
1298 4222 1323 4268 P.
1340 4221 1439 4271 Altesta
1455 4222 1551 4288 reliquis

491 4290 546 4350 Ἢ,
564 4300 674 4362 κατόναρ.
1018 4297 1094 4346 Ιίίνινε.

490 4367 499 4392 ⁹
514 4371 551 4427 Μ,
565 4371 596 4419 δι’
608 4369 700 4428 ύπνησι.
717 4374 758 4422 Est
770 4386 889 4424 neutrum.
1051 4374 1073 4400 ¹⁸
1083 4376 1141 4433 ΑΜ,
1155 4379 1254 4440 ὀομᾶτο.

494 4446 513 4471 '⁰
522 4449 662 4513 Καμμύοας]
676 4451 729 4499 tide
742 4452 758 4515 §
771 4454 811 4502 ια’.
1051 4453 1072 4479 ¹⁸
1085 4456 1168 4504 Exstat
1180 4456 1203 4504 in
1219 4473 1267 4505 unu
1278 4457 1305 4504 A.
1318 4457 1355 4504 Cf.
1371 4455 1404 4520 ξς
1423 4460 1463 4517 ι6’,
1475 4459 1531 4507 026'.
