3684 5659
445 604 516 674 288
894 610 1086 670 intotonat

492 733 548 833 ρθ.
568 739 782 831 Σρολαστικῴ1
797 765 842 817 τις
860 742 940 832 λέγει
957 743 1110 829 «Δημέα,
1132 747 1233 835 τρίτην
1249 745 1364 835 ἡμέραν
1381 769 1416 809 σε
1433 741 1536 810 ἐνθάθε

444 851 586 929 ἐνῦπνοις
599 848 678 917 εἷθον
694 877 722 915 ν.
739 833 765 916 (λ
780 847 813 916 θὲ
830 879 843 910 n
858 848 973 942 ψευθῄ’
985 877 1019 936 ν,
1040 849 1137 918 εἶπεν·
1154 879 1170 912 (ι
1184 853 1213 919 ἐν
1231 856 1317 947 ἀγρῷ
1334 855 1395 948 γὰρ
1412 862 1491 942 ἥμην
1505 880 1534 918 ν.

492 1009 550 1110 py'.
572 1014 796 1106 Σχολαστικὸέ
815 1019 891 1104 μετὰ
915 1014 969 1083 δύο
994 1019 1120 1109 ἑταίρων
1143 1015 1307 1110 διελέγετο.
1327 1025 1388 1084 Τοῦ
1408 1020 1471 1096 ἑνὸς
1488 1014 1537 1087 οὖν

444 1132 575 1204 εἰπόντος
589 1129 647 1212 ὅτι,
661 1153 675 1185 o
686 1129 733 1199 Mt
745 1125 862 1194 δίκαιον
878 1129 941 1194 ἐστι
954 1129 1105 1221 πρόθατον
1119 1133 1302 1223 σφάζεσθαι·
1316 1129 1401 1222 γοίλα
1413 1133 1473 1225 γὰρ
1485 1135 1534 1197 καί

444 1245 520 1332 ἔριον
533 1241 667 1331 ἀφθόνως
677 1239 791 1330 φέρειν·
806 1242 857 1305 καὶ
866 1245 919 1305 τοῦ
927 1239 1020 1305 ἄλλον
1031 1240 1229 1325 είπόντοςὸτι,
1244 1266 1258 1298 n
1266 1236 1351 1312 Μηδὲ
1366 1237 1441 1325 βοῦν
1450 1267 1535 1334 προς-

443 1355 509 1422 ηκει
524 1353 732 1443 ἀναιρεῖσθαι,
752 1349 834 1441 γοίλα
849 1350 1045 1442 παρέχουσαν
1059 1353 1111 1416 καί
1131 1354 1321 1443 ἀροτριώσαν
1332 1368 1361 1408 ν·
1383 1351 1398 1415 ὁ
1416 1352 1534 1441 σχολα-

444 1462 546 1537 στικὸς
562 1464 615 1551 ἔφη
630 1455 707 1547 μηδὲ
725 1469 828 1557 χοῖρον
846 1455 965 1524 δίκαιον
979 1456 1054 1525 εἶναι
1068 1462 1273 1552 ἀναιρεῖσθαι,
1286 1456 1370 1555 ἧπαρ
1384 1461 1533 1553 παρέχον·

445 1568 518 1638 octo*
534 1572 587 1636 acti
606 1562 698 1659 οὖθαρ
715 1571 767 1634 καὶ
780 1566 944 1653 βούλθαν“.

820 1781 863 1829 EK
884 1781 951 1829 ΤΟΥ
971 1773 1163 1828 ΦΙΛΟΓΕΛΩΒ.

492 1916 550 2016 μθ.
573 1923 778 2018 Φιλοίρρνροςτ
799 1923 950 2003 διαθήκας
971 1930 1093 2018 γροίρων
1111 1926 1218 1992 ἑαυτὸν
1235 1925 1421 2016 κληρονόμον
1437 1922 1531 2001 ἔταξε.

492 2084 544 2185 ρι’.
571 2090 777 2182 ΦιλοίργιιροςΒ
800 2092 987 2184 ἐρωτώμενος
1013 2088 1066 2157 θιολ
1089 2094 1118 2156 τί
1135 2092 1209 2157 ἄλλο
1227 2089 1312 2157 οὐθὲν
1334 2097 1359 2157 εί
1384 2093 1426 2180 μη
1450 2096 1534 2181 μόνον

444 2205 549 2281 ἐλαίας
571 2204 679 2281 ἐσθίει,
705 2208 775 2295 ἔφη·
800 2229 816 2262 n
836 2186 886 2268 ίνα
909 2204 942 2268 τὸ
964 2202 1016 2291 μὲν
1037 2200 1142 2279 ἔξωθεν
1162 2205 1227 2268 ἀντὶ
1251 2202 1328 2290 ὄψον
1347 2200 1430 2292 ἔχω,
1451 2206 1484 2270 τὸ
1502 2200 1532 2270 δὲ

445 2319 551 2383 ὀστοῦν
567 2317 632 2380 ἀντὶ
648 2312 747 2393 ξύλον·
767 2315 872 2406 τραγὼν
890 2311 938 2398 δέ,
958 2318 1000 2390 εἰς
1017 2314 1068 2384 τὴν
1085 2312 1194 2379 ἑαυτοῦ
1212 2314 1344 2404 κεφαλὴν
1360 2318 1533 2407 σπογγισοί-

445 2454 549 2516 μενος,
569 2428 694 2519 λουτροῦ
711 2426 765 2492 οὐκ
783 2422 942 2513 ἐπιθέομαι
959 2450 987 2487 ν.

494 2582 554 2682 ρξ’.
584 2584 841 2678 Πεπανόπτοιχος”
859 2587 971 2663 εἰωθὼς
987 2589 1039 2658 τὴν
1063 2588 1149 2678 φίλην
1173 2586 1293 2654 αὑτοῦ10
1317 2586 1472 2676 ἑξατατᾷν
1495 2591 1533 2666 ὡς

447 2702 567 2792 εὐγενής
584 2698 640 2766 τε11
661 2701 700 2766 ὢν
721 2702 773 2764 καί
792 2697 952 2783 πλούσιος,
975 2702 1017 2774 εἰς
1034 2698 1102 2775 τοὺς
1119 2702 1256 2789 γείτονας
1272 2701 1477 2788 σιτινόμενος,
1496 2703 1535 2776 ὡς

480 2935 487 2960 ¹
500 2936 527 2984 ln
539 2934 561 2982 M
573 2935 618 2992 83;
632 2934 662 2979 68
676 2934 700 2982 in
711 2934 739 2982 P.
751 2932 848 2982 Abesta
862 2933 965 2983 caeteris.
1005 2945 1042 2982 tec
1054 2952 1065 2977 ι
1078 2933 1119 2982 itte
1133 2932 1286 2982 academicus
1301 2934 1332 2983 de
1348 2951 1397 3000 quo
1411 2934 1442 2984 ad
1455 2933 1534 3003 ςρνζ,

478 3011 488 3037 ²
498 3013 535 3071 Μ,
547 3014 665 3077 patim...
676 3012 746 3061 Conf.
757 3009 773 3075 ς
784 3010 845 3077 pivs.
1006 3011 1154 3075 Appendicis
1168 3010 1363 3074 Edgewonthiani
1376 3012 1472 3079 librip.
1483 3013 1533 3061 196.

479 3091 489 3116 ³
500 3091 574 3140 Abest
588 3090 619 3139 ab
630 3090 653 3138 tt
667 3100 692 3138 et
706 3091 743 3149 P.,
755 3100 779 3139 et
790 3090 892 3138 caeteris.
906 3090 977 3139 (loni.
1040 3087 1050 3113 ⁸
1061 3087 1137 3139 Abest
1148 3089 1177 3138 ah
1190 3089 1248 3138 Met
1261 3090 1301 3149 tt,
1317 3101 1341 3138 ct
1352 3091 1455 3139 caeteris.

445 3170 461 3236 ξ
472 3169 529 3238 ρκθ.
1039 3166 1048 3190 ⁰
1062 3168 1088 3216 ln
1103 3168 1126 3215 M
1137 3171 1178 3216 85.
1190 3167 1289 3217 Abcsta
1301 3168 1339 3226 P..
1356 3179 1381 3217 ct
1390 3168 1497 3234 reliquis.

479 3248 489 3274 ⁴
500 3246 534 3307 Α,
545 3253 695 3314 παρέχοντα,
708 3258 732 3297 et
743 3246 778 3295 sic
789 3245 805 3311 ὃ
817 3245 875 3315 ρκθ’.
887 3246 978 3312 Scripsi
1040 3244 1061 3270 ¹⁰
1075 3245 1134 3305 ΑΜ,
1148 3251 1235 3303 εἰωθός.
1250 3244 1285 3304 Α,
1304 3245 1387 3296 αὑτοῦ,
1404 3246 1443 3305 Μ,
1457 3246 1533 3297 αὺτοῦ.

446 3344 473 3377 νο
484 3327 585 3392 jubente
602 3332 758 3392 παρέχουσαν.
775 3326 884 3374 Nominis
901 3325 978 3374 forma
1005 3325 1043 3384 tt,
1055 3328 1188 3383 ἐξαπατῶν.

446 3417 525 3475 χοῖρος
542 3406 691 3465 masculina,
703 3405 805 3453 articulo
822 3403 936 3463 absente,
954 3404 978 3451 in
1039 3402 1059 3428 ¹¹
1071 3403 1152 3452 Msine
1163 3424 1199 3452 τε.
1209 3402 1306 3451 Memini
1319 3403 1441 3462 Athenaei,
1451 3406 1488 3461 15,
1499 3405 1535 3461 12,

447 3502 519 3535 causa
531 3486 629 3535 librario
637 3484 681 3534 suit
690 3484 843 3549 participium
855 3481 978 3532 scribendi
1006 3480 1045 3529 ubi
1058 3487 1172 3550 λῃστρικῷ
1184 3502 1210 3531 τε
1219 3488 1263 3551 βίῳ
1273 3481 1537 3548 χρωμένοο;,ριιτῑίοιι1ιι

447 3565 616 3614 mascuttnum.
1006 3581 1032 3609 τι
1051 3576 1098 3609 non
1119 3572 1262 3625 exspectata
1278 3575 1325 3608 nec
1346 3561 1410 3610 utili.
1429 3561 1537 3611 Fortasse

480 3641 532 3693 θλ,
546 3645 655 3709 contecti.
669 3639 766 3688 Rctrnxi
783 3647 920 3687 accentum.
936 3637 979 3685 Est
1006 3640 1135 3704 legendum
1148 3644 1262 3708 λῃστρικῷ
1277 3650 1311 3706 τῷ
1323 3647 1346 3707 β.
1360 3661 1402 3708 χρ.
1414 3639 1537 3706 nimphae,

446 3720 546 3769 latinum
563 3719 655 3766 «vulva
666 3736 688 3766 ν.
1007 3720 1036 3775 3,
1050 3719 1080 3766 49
1096 3722 1140 3774 ιῆι
1155 3728 1189 3781 μή
1207 3739 1233 3768 τε
1248 3721 1323 3780 δεξιον
1339 3725 1354 3776 ἡ
1369 3723 1431 3784 τύχη
1444 3722 1538 3786 βουλεί-

482 3797 560 3854 ιίιλίθλ,
580 3798 603 3844 ἐκ
624 3803 664 3844 τοῦ
683 3798 810 3860 ριλογέλου.
831 3794 952 3842 Pantanus
970 3813 976 3841 τ
1007 3817 1088 3852 σηται.
1105 3796 1226 3845 Particula
1240 3818 1266 3846 τε
1277 3808 1302 3846 et
1315 3798 1355 3847 hic
1365 3798 1489 3863 displicet.
1499 3798 1538 3846 ln-

449 3896 460 3921 τ
473 3877 508 3924 Do
518 3873 641 3937 Philogelc
654 3882 695 3920 aut
708 3872 827 3934 Philagrio
842 3871 944 3920 fortasse
957 3889 978 3918 ν.
1006 3875 1060 3922 veni
1074 3874 1162 3923 bonam
1174 3875 1306 3925 lectionem
1319 3876 1343 3924 in
1358 3876 1447 3926 codice
1459 3885 1493 3942 μή
1504 3896 1537 3940 γε.

448 3954 550 4005 Putabat
564 3969 617 4002 esse
630 3955 749 4021 ριλογίλου
763 3949 876 3998 mondum
893 3951 979 4000 calami
1006 3953 1096 4002 Addita
1121 3954 1239 4018 particula
1269 3975 1295 4004 τε
1324 3970 1422 4004 versum
1449 3955 1540 4004 sanabit

448 4050 493 4098 pro
508 4031 715 4100 Φιλαγρίου,λοοο
728 4045 776 4077 non
793 4028 926 4078 intellecto.
939 4029 981 4078 Est
1007 4031 1144 4080 breviorem
1170 4033 1193 4080 in
1221 4033 1382 4095 inscriptione
1405 4033 1539 4097 Appendici

448 4116 574 4176 Φιλορελως
591 4109 644 4159 libri
663 4123 751 4157 nomen
768 4106 833 4156 undo
848 4106 981 4157 historiole
1007 4110 1097 4160 inserta
1109 4110 1183 4159 anth.
1198 4127 1223 4174 p.
1242 4114 1289 4160 826
1299 4130 1306 4159 ι
1316 4107 1354 4161 Ἐν
1368 4113 1394 4162 tt
1410 4116 1539 4163 τεθνειῶτα

449 4190 500 4237 istae
513 4200 569 4237 sunt
581 4199 712 4254 excerptae.
726 4185 785 4235 Vide
795 4202 819 4250 p.
834 4187 896 4243 263,
912 4202 936 4234 n,
958 4191 980 4235 l.
1007 4192 1130 4256 ὁμηγὺριές
1143 4208 1169 4251 γε
1185 4192 1290 4238 arctoum
1309 4196 1387 4238 Δοιαί.
1403 4187 1540 4254 Proposue-

483 4264 705 4324 'luttetflain
722 4265 981 4314 P.Abostaca3teris.
1007 4277 1063 4315 runt
1081 4283 1119 4316 vv.
1137 4265 1163 4314 d.
1182 4269 1204 4316 ἐν
1220 4269 1264 4326 δή,
1283 4264 1540 4333 ἐιδάίι,ροοείιιιιιιῐι

450 4342 541 4391 Gallico
559 4343 708 4393 historiolam
724 4345 809 4404 vertit,
822 4344 862 4408 qui
880 4360 933 4392 cam
951 4360 980 4392 ex
1008 4344 1081 4404 illud,
1092 4344 1138 4393 hoc
1147 4362 1191 4410 pro
1201 4345 1256 4395 ioco
1267 4345 1371 4409 longius.
1383 4348 1444 4398 Nam
1456 4348 1540 4410 inipso

451 4423 558 4469 Pontano
577 4421 696 4482 cognitam
714 4422 792 4484 potuit
806 4420 896 4470 habere
910 4440 921 4465 ι
934 4437 979 4485 pa·
1008 4439 1143 4486 marmore,
1159 4435 1184 4473 ut
1199 4435 1266 4489 patet
1283 4424 1388 4476 tabulam
1403 4427 1539 4492 inspicienti
