3684 5659
759 594 987 675 κπλκτιειυ.
1378 609 1422 677 ι5

325 747 410 836 αὐτῷ
426 747 462 812 τὸ
483 745 583 838 περιόν
602 753 658 821 τῆς
675 745 825 821 θειότητος
844 746 1077 836 κατεκλήρωσε,
1102 743 1214 811 τούτων
1235 746 1269 810 τὸ
1289 746 1423 836 μετέχειν

324 869 387 935 τοῖς
404 859 530 944 άλλοις,
550 850 617 922 ούσι
631 857 683 922 καὶ
700 855 829 942 τούτοις,
847 860 872 920 εἰ
887 859 939 921 καί
954 852 1218 949 καταδεεστέροις,
1235 861 1331 937 θεοῖς;
1348 865 1423 925 Τοῦ-

323 994 374 1037 τον
399 969 607 1057 ἐμιμησάμην,
626 968 781 1055 τολμήσας
803 974 895 1053 ε’ίπω,
917 969 1026 1058 κάγῶ,
1047 970 1099 1032 καὶ
1125 969 1178 1038 την
1200 967 1283 1056 ὑμῶν
1306 968 1423 1061 ψῆρονί

325 1079 379 1147 διά
392 1090 446 1156 τῆς
466 1080 539 1167 ἐμῆς
556 1079 694 1171 ἐκύρωσα
713 1078 930 1170 προαιρέσεως,
948 1079 1022 1143 κάπί
1040 1087 1104 1154 τοῖς
1120 1077 1221 1155 ὅπλοις
1238 1080 1271 1144 τό
1288 1104 1423 1146 κοινωνι-

323 1195 376 1260 κὸν
398 1193 473 1286 πρὸς
493 1190 563 1266 τοὺς
584 1188 705 1265 λοιπούς
725 1188 886 1258 ἐπενόησα.
911 1169 1108 1278 λλλογισάμην
1135 1187 1204 1254 κατ’
1225 1188 1353 1276 ἐμαυτὸν
1377 1191 1422 1257 ότι

323 1303 447 1378 πολλοῖς
468 1303 521 1367 καὶ
544 1300 679 1365 θέλουσιν
698 1298 819 1386 άμύνειν
837 1296 910 1391 ύπὲρ
933 1307 987 1374 της
1006 1298 1121 1375 πόλεως
1140 1296 1279 1387 ἐμποδὼν
1297 1303 1317 1372 ἡ
1335 1305 1422 1367 πενία

323 1415 465 1497 ίσταται,
485 1414 538 1477 καί
557 1419 681 1502 γυμνοῖς
694 1410 818 1496 σώμασι
833 1410 907 1499 πρὸς
929 1408 1035 1500 ἐχθρόν
1056 1405 1290 1475 διακινδυνεύειν
1307 1412 1422 1489 τούτοις

323 1527 435 1597 ἥκιστα
455 1521 602 1614 άσραλές·
620 1523 780 1585 «Κείσθων
796 1519 836 1595 ὡς
855 1520 1007 1610 θησαυρός
1028 1519 1074 1584 ἐπὶ
1097 1529 1150 1596 τῆς
1171 1519 1243 1607 ἐμῆς
1264 1525 1364 1598 οἰκίας
1381 1526 1421 1588 τόι

325 1634 423 1700 ὅπλα·
452 1634 551 1698 κοινὸν
572 1640 707 1718 ταμιεῖον
732 1633 808 1694 ἔστω
832 1629 942 1717 τούμὸν
964 1640 1114 1718 ταμιεῖον.
1136 1636 1246 1719 Σχῆμα
1270 1631 1348 1724 φέρω
1368 1642 1421 1710 της

324 1744 456 1829 πόλεως,
477 1749 668 1835 στρατηγῶν,
688 1739 868 1832 ῥητορεύων,
893 1738 1058 1826 βουλεύων,
1079 1741 1328 1829 πολιτευόμενος·
1353 1743 1421 1820 ὅλος

325 1854 415 1931 αύτὸς
433 1854 602 1946 άιριέρωμαι
622 1861 659 1941 τῇ
678 1847 802 1943 πατρίδι
820 1868 827 1884 ·
845 1853 874 1915 τί
892 1848 985 1939 ξένον,
1003 1859 1083 1942 ε’ίπερ
1102 1854 1153 1916 καί
1171 1853 1205 1917 τὸ
1224 1852 1293 1940 ἐμὸν
1307 1838 1421 1942 οἴκημα

323 1966 422 2031 κοινὸν
440 1973 492 2040 τῆς
512 1965 626 2039 πόλεως
646 1970 705 2048 εἴη,
724 1964 775 2027 καὶ
792 1965 831 2027 τά
846 1962 874 2027 ἐν
893 1962 976 2049 αύτῷ
997 1965 1097 2028 πάντα
1115 1963 1161 2027 ε’πὶ
1180 1970 1287 2055 καιροῦ
1300 1973 1341 2057 τῇ
1355 1971 1420 2030 ποι-

323 2071 402 2168 τρίδι
431 2076 642 2168 ρυλάττοιντο;
671 2077 695 2139 εἰ
724 2069 758 2137 δέ
785 2076 837 2138 καὶ
867 2077 1031 2164 χρημάτων
1059 2082 1210 2166 περισσῶς
1240 2071 1335 2165 εἶχον,
1363 2075 1422 2165 ούχ

323 2185 457 2278 ἡγούμην
479 2187 516 2249 όιν
531 2187 583 2250 καί
604 2190 764 2271 ταῦτατῷ
785 2181 871 2272 δήμω
892 2187 996 2268 κοινά,
1020 2183 1066 2249 ἐπὶ
1090 2186 1197 2275 χρείας
1218 2189 1418 2263 συνοίσοντα;

249 2376 256 2391 ⁸
322 2298 453 2370 καὶπῶς
471 2301 521 2380 άν,
536 2293 635 2369 ἄλλως
651 2297 743 2382 έχων,
763 2288 890 2368 δικαίως
905 2293 1058 2384 φιλόπολις
1071 2299 1200 2370 ἤκουον;
1218 2317 1234 2351 ν
1281 2370 1294 2387 Ρ

370 2385 444 2496 Ε’γῶ
459 2401 558 2470 δὲκαὶ
573 2402 652 2491 ὑμᾶς
666 2403 776 2480 αύτούς
794 2400 888 2478 ούτως
902 2407 983 2491 ἐχειν
999 2404 1180 2494 λογίζομαι,
1196 2404 1236 2478 ὡς
1251 2400 1341 2493 μέχρι
1357 2402 1423 2467 τού-

322 2540 375 2580 του
394 2524 442 2603 τῷ
464 2514 634 2602 κεκτημένῳ
657 2514 832 2605 λογίζεσθαι
848 2509 916 2577 ’ίδια
940 2514 966 2576 ά
983 2537 1028 2586 τις
1051 2516 1137 2599 ἐχοι,
1161 2511 1181 2580 ἢ
1201 2514 1347 2602 πατρόθεν
1363 2536 1421 2576 πε-

323 2629 431 2712 σόντα,
446 2626 465 2697 ἢ
479 2627 580 2702 πόνοις
596 2625 755 2710 κτηθέντα,
772 2625 791 2695 ἢ
806 2625 858 2689 καὶ
877 2622 972 2712 τύχης
987 2618 1151 2707 διδούσης,
1167 2624 1348 2712 πράγματα,
1366 2619 1422 2698 ἕως

323 2728 358 2801 ού
376 2737 418 2825 μὴ
432 2735 541 2801 τούτων
558 2739 576 2808 η
594 2738 684 2828 χρεία
698 2738 855 2826 ἀναγκαία
872 2733 995 2826 γένηται
1008 2742 1045 2823 τῇ
1061 2729 1205 2825 πατρίδι·
1224 2732 1371 2809 ζητούσης
1385 2730 1419 2798 δὲ

322 2854 376 2924 τῆς
393 2855 493 2923 κοινῆς
511 2849 647 2938 ἀνάγκης
663 2852 778 2931 ταῦτα,
799 2846 975 2937 παραυτίκα
994 2843 1106 2909 τούτων
1123 2846 1264 2910 ἁπάντων
1279 2843 1349 2921 τοὺς
1366 2842 1422 2920 ἕως

322 2958 390 3022 τότε
406 2960 528 3049 κυρίους
545 2965 580 3046 τῇ
598 2956 768 3048 θρεψαμένῃ
785 2956 869 3022 πόλει
887 2952 1082 3031 ἐξίστασθαι.

371 3058 467 3143 Οὗτος
490 3068 506 3132 ὁ
527 3066 671 3158 λογισμὸς
695 3061 814 3141 δίκαιος
837 3065 1030 3152 νομιζόμενος
1056 3064 1149 3130 ἐποίει
1172 3063 1251 3152 κάμέ
1276 3065 1309 3129 τό
1333 3064 1422 3158 μέρος

322 3186 380 3243 τῶν
393 3177 564 3244 πανοπλιῶν
578 3177 799 3268 ριλοκτημονα·
813 3180 918 3241 τούτου
930 3177 981 3240 τόν
993 3177 1104 3240 σκοπὸν
1119 3178 1199 3264 έχων
1213 3175 1259 3240 ἐπὶ
1275 3176 1354 3259 νοός,
1368 3176 1420 3239 καὶ

323 3290 357 3356 ού
370 3293 483 3366 κακίας
496 3298 673 3381 τυραννικῆς
690 3288 852 3380 ἐφιέμενος,
871 3286 969 3353 όπλων
982 3275 1166 3379 πεπλήρωκα
1178 3287 1231 3357 τὴν
1245 3289 1358 3370 οἰκίαν,
1378 3285 1420 3360 ῶς

323 3404 450 3490 μάχης,
472 3401 509 3465 ἂν
526 3406 656 3487 εἴποιμι,
679 3399 732 3469 τὴν
750 3398 864 3487 ψυχήν.
883 3395 929 3461 Δι’
947 3398 983 3468 ἢν
1001 3399 1115 3480 αἰτίαν,
1136 3397 1187 3460 καί
1209 3393 1328 3480 βλέπων
1342 3394 1423 3458 αὐτὰ

256 3528 276 3545 *
322 3510 551 3596 καθ’ἑκάστην,
571 3510 663 3602 ὁρμῆς
679 3509 865 3601 ἐπληρούμην
883 3511 1005 3600 άρεῑκῆς
1019 3525 1027 3540 ·
1042 3510 1067 3570 εἰ
1083 3503 1117 3571 δέ
1129 3531 1187 3571 που
1201 3507 1253 3569 καὶ
1273 3505 1421 3590 άπτοίμην

321 3620 448 3708 τούτων,
463 3621 661 3693 ἀνακλητικὸν
680 3615 742 3686 οἷον
753 3620 862 3692 ηύλουν
875 3620 949 3711 πρδς
963 3618 1105 3705 πόλεμον,
1120 3617 1326 3709 λαμπρότερον
1339 3614 1420 3680 σάλ-

323 3757 446 3825 πιγγος.
465 3736 515 3810 Τίς
532 3729 562 3797 δ’
577 3733 668 3827 άλλος
682 3728 767 3824 άνδρὶ
788 3739 949 3823 στρατηγῷ
968 3731 1083 3817 κόσμος
1100 3731 1229 3816 ἀμείνων
1245 3736 1304 3792 τῶν
1324 3726 1421 3794 ὅπλων

323 3853 386 3920 τοῖς
407 3840 512 3920 ἔξωθεν
533 3841 801 3935 παραθάλλονσιν;
825 3841 890 3907 ὅθεν
910 3836 1096 3932 ἐκυδρούμην
1116 3848 1180 3915 τοῖς
1201 3838 1321 3923 ὅπλοις,
1344 3838 1420 3924 ὁμο·

323 3953 422 4045 λογῶ·
437 3956 504 4038 καί,
519 3948 661 4041 μονονού’
672 3952 800 4039 πόλεμον
814 3949 932 4036 βλέπων
946 3951 998 4015 καὶ
1012 3946 1196 4041 παρατάξεις
1213 3954 1418 4042 στρατιωτῶν,

323 4062 554 4154 παρεθηγούμην
568 4066 610 4139 εἰς
623 4057 749 4153 άνδρίαν
766 4062 820 4126 καί
833 4085 861 4124 τι
874 4061 928 4124 καὶ
948 4040 1095 4124 Ἐνυάλιον
1112 4052 1269 4145 ἔμελπονδ.
1289 4056 1348 4119 Καὶ
1366 4053 1423 4119 άλ-

357 4267 479 4319 ¹Viden.
497 4271 520 4330 1,
533 4283 558 4333 p.
575 4269 599 4316 8.
885 4263 950 4325 Sed,
969 4280 1042 4330 quum
1061 4262 1149 4312 dixerit
1175 4261 1357 4313 Declamatione
1379 4277 1420 4312 se·

355 4345 522 4413 ’0οδ.,μο’νον
530 4346 563 4396 ού.
571 4345 611 4395 Sic
618 4348 644 4410 p.
652 4343 678 4404 6,
688 4345 726 4393 12.
735 4343 771 4394 Cf.
781 4359 806 4409 p.
815 4345 857 4394 20.
886 4344 962 4409 ptima
967 4346 1062 4408 μέλπων
1073 4339 1135 4409 ΙἈρη,
1143 4356 1233 4391 nomen
1242 4337 1360 4392 Ἐνυάλιον
1367 4342 1421 4407 epi-

356 4425 532 4491 ³Scl⁸ipoeram
551 4423 609 4473 olim
628 4425 730 4473 ἐνυάλιον
749 4423 857 4485 ἔμελπον.
888 4421 954 4473 theto
981 4419 1086 4485 praetuli.
1110 4417 1239 4483 AEschylus
1254 4418 1331 4470 Theb,
1354 4420 1384 4468 59
1412 4440 1418 4466 ι
