3684 5659
448 601 517 674 116
781 613 816 671 Γ.
844 612 918 672 ΤΟΥ
945 607 1200 670 ΠΑΧΥΜΕΡΟΥΣ

445 746 591 833 κοσμίαν·
611 739 690 810 εἶδον
704 745 877 820 νεανίσκους
889 743 1010 820 ἱκανούς
1022 742 1074 830 μὲν
1087 744 1160 834 πρὸς
1172 745 1359 830 μαθημάτων
1373 746 1538 836 οὶνοίληψιν,

447 856 568 931 ἱκανούς
581 851 614 920 δὲ
629 857 812 944 συμμάχους
822 855 874 919 καὶ
889 863 925 943 τῇ
938 849 1061 945 πατρίδι
1073 853 1289 944 γενησομένους
1302 856 1385 920 κατὰ
1398 858 1535 950 καιρούς·

447 962 527 1032 εἶδον
540 962 687 1057 φιλόξενον
700 961 790 1048 ἦθος,
805 967 857 1029 καὶ
873 964 1025 1051 εὐνομίαν,
1041 967 1093 1029 καὶ
1109 964 1266 1040 πολιτικὰς
1280 965 1377 1042 ἄλλας
1392 971 1538 1059 χάριτας.

447 1079 542 1144 Τοῦτό
554 1102 590 1164 με
603 1079 697 1142 πείθει
710 1078 762 1141 καὶ
779 1074 956 1167 ἐγχρονίσαι
973 1101 1013 1165 τη
1022 1076 1125 1160 πόλει,
1146 1077 1198 1140 καὶ
1214 1073 1403 1167 ε’μθραδύναί
1418 1104 1456 1166 με
1469 1081 1542 1171 πρὸς

448 1190 502 1260 τὴν
532 1183 647 1264 ἔξοδον.
677 1188 716 1250 Τὸ
740 1187 802 1277 γὰρ
825 1184 877 1276 ἀφ’
907 1185 1037 1250 ἑκάστου
1064 1188 1129 1278 περὶ
1160 1185 1213 1274 ἐμὲ
1240 1186 1398 1279 προςηνές,
1425 1193 1478 1255 καὶ
1507 1192 1542 1257 τὸ

449 1295 522 1386 μηδ’
538 1302 681 1364 αἰτοῦντα
694 1301 775 1384 ἔχειν
792 1296 848 1362 ὅτι
866 1299 917 1361 καὶ
932 1293 1101 1383 βούλομαι,
1118 1299 1298 1384 ἀμνημονεῖν
1309 1301 1362 1363 καὶ
1380 1309 1440 1365 τῶν
1457 1297 1542 1367 ἰδίων

450 1411 541 1476 ἐποίει
557 1412 609 1475 καί
628 1417 681 1484 τῆς
698 1406 914 1499 ἐνεγκαμένης,
933 1402 969 1483 ἧς
988 1402 1073 1471 οὐδὲν
1092 1404 1244 1497 γλύκιον’.

498 1502 571 1586 Ᾰλλ’
589 1520 619 1585 ε’ν
634 1518 786 1606 τοσούτῳ,
811 1515 923 1605 μεταξύ
943 1527 1007 1593 τοῖς
1024 1518 1162 1594 πολίταις
1180 1522 1318 1598 συνόντος
1336 1521 1427 1609 ἐμοῦ,
1448 1522 1541 1589 πόλε-

450 1659 506 1720 μος
531 1631 710 1723 ἐφειςτήκει,
735 1635 787 1694 καὶ
812 1629 865 1699 τὴν
881 1628 967 1694 πόλιν
990 1628 1253 1721 περικαθίσαντες’
1276 1633 1303 1697 οἱ
1330 1632 1431 1723 ἐχθροί
1458 1629 1544 1700 δεινὰ

451 1739 596 1828 ἐποίουνθ,
624 1738 708 1807 δεινὰ
729 1740 881 1812 ἠπείλουν.
902 1741 961 1804 Καὶ
981 1742 1020 1804 τὰ
1042 1735 1180 1831 δρώμενα
1197 1750 1256 1807 τῶν
1276 1743 1443 1835 λεγομένων
1464 1740 1545 1817 ἦσαν

452 2014 494 2063 τὴν
520 2011 599 2072 κόρην,
624 2011 732 2056 τοιοῦτον
751 2011 910 2072 χαριοαμένην
933 2014 983 2062 τοῖς
1010 2005 1092 2056 brauae
1105 2008 1545 2075 preptiamrairmbencmutatam

451 2091 497 2153 πρὸ
522 2086 584 2150 ὣρνς
608 2085 736 2152 δρέψασθαι
760 2084 908 2142 σπεύδουσιν,
933 2084 985 2134 ὅσον
1010 2085 1036 2134 in
1054 2086 1181 2153 δηρίσαντο
1202 2085 1234 2136 ab
1257 2087 1400 2138 editoribus.
1425 2089 1476 2139 Soti
1497 2088 1545 2139 laon
1576 2128 1579 2139 .

451 2165 515 2231 ἄκρῳ
530 2170 570 2213 τοῦ
588 2165 703 2212 δακτύλου
719 2165 854 2227 γεύσασθαι.
874 2162 985 2227 Gonjccit
1011 2163 1174 2228 epigramma,
1189 2174 1214 2213 ct
1227 2166 1304 2215 vicina
1319 2178 1441 2232 quaesunt
1453 2168 1544 2234 scripta

452 2241 606 2293 Wernsdurf.
621 2242 670 2293 οὐδ’
688 2244 759 2309 ἄκρῳ.
778 2241 826 2290 Scd
843 2241 895 2290 sinc
907 2256 984 2304 nega·
1011 2241 1036 2291 in
1050 2243 1125 2292 virum
1139 2243 1288 2308 praecipuum
1304 2244 1449 2310 quemdam.
1461 2256 1546 2296 etnu-

452 2322 518 2372 tiuue
532 2338 616 2372 sersus
630 2333 667 2373 cst
678 2326 865 2388 λισθικκώτιρος.
876 2319 985 2384 Utroque
1010 2321 1076 2370 mine
1091 2321 1246 2372 sacerdotem
1257 2332 1282 2372 et
1294 2339 1410 2385 munere,
1423 2341 1474 2374 aaa
1487 2326 1546 2391 opi-

453 2412 533 2450 autcm
546 2401 618 2449 modo
629 2401 737 2450 nonnihil
751 2401 983 2468 ίποεικακεμράτσν,
1011 2415 1056 2448 nor
1074 2398 1106 2448 de
1134 2398 1266 2450 christiano
1287 2401 1433 2468 presbytero
1452 2403 1546 2454 inscili-

453 2478 615 2529 maurentio
630 2478 761 2546 Nicephori
769 2479 882 2542 Gregorae
892 2477 916 2527 id
926 2493 985 2543 pro-
1010 2476 1106 2540 genda,
1118 2477 1184 2542 quod
1201 2477 1347 2543 opinabatur
1359 2481 1396 2529 vir
1411 2480 1491 2542 doct..
1505 2483 1545 2534 sui

453 2558 576 2617 verbium,
605 2559 653 2609 lcvi
686 2558 775 2608 ruendo
807 2559 914 2607 vitiatum
948 2565 986 2604 eat
1011 2555 1120 2619 opinioni
1150 2555 1232 2607 obstat
1262 2573 1312 2606 nou
1336 2574 1423 2623 parum
1452 2562 1546 2612 mentio

454 2641 591 2703 Ρ.θ1θιο1
606 2640 626 2688 δ’
636 2634 722 2688 Ἰταλοὶ
738 2645 778 2687 καὶ
795 2638 844 2688 ὅσοι
857 2638 910 2686 κατ’
922 2636 986 2684 ἐκεί·
1010 2649 1100 2684 sevcrae
1113 2634 1234 2700 coatJugis3
1247 2635 1344 2687 obstant
1354 2639 1457 2689 multum
1470 2639 1546 2691 verba

453 2737 503 2776 νους
523 2727 568 2768 τῶν
586 2728 627 2774 τῆς
647 2719 757 2774 παιδείας
777 2720 896 2784 προθύρων
921 2716 984 2781 ἄκρῳ
1011 2712 1117 2770 Αὐσόνιος
1130 2718 1184 2771 Ζεύς
1195 2713 1283 2780 quibus
1294 2715 1321 2763 itt
1333 2715 1463 2781 epitaphio
1475 2716 1546 2768 chri·

453 2798 559 2862 δακτύλῳ
577 2800 703 2858 γενόμενοι.
720 2793 896 2858 Repoucmium
916 2797 986 2854 γευό-
1011 2791 1082 2840 atiani
1095 2791 1199 2842 hominis
1210 2803 1297 2858 poeta,
1307 2793 1377 2859 isque
1387 2808 1436 2844 noa
1449 2795 1544 2856 malua,

452 2894 533 2937 μενοι,
557 2873 621 2939 quod
645 2872 718 2922 habet
748 2873 826 2922 codex
854 2870 984 2920 Parisinus.
1011 2885 1059 2917 non
1069 2871 1153 2920 inisset
1164 2888 1230 2921 usus.
1241 2871 1335 2921 Addam
1345 2873 1418 2922 totius
1428 2874 1546 2924 orationis

453 2952 525 3002 Verbi
539 2955 643 3014 γεύεσθαι
656 2954 776 3018 προθύρου
790 2948 932 3014 metaphora
947 2949 984 2997 se·
1011 2949 1118 2997 culmem
1145 2966 1198 2999 csse
1222 2950 1297 2998 rideri
1326 2951 1430 3000 bominis
1452 2950 1545 3019 absque

453 3029 529 3080 reuda
552 3039 597 3078 cst.
620 3028 687 3077 ldem
711 3027 825 3077 mendum
847 3027 953 3077 occurrit
971 3043 985 3076 c
1011 3026 1107 3077 Christo
1119 3028 1252 3079 etethnici.
1264 3029 1290 3078 ln
1301 3029 1473 3095 sequentibus.
1484 3048 1546 3097 quos

453 3125 479 3175 p.
494 3111 558 3158 510:
571 3111 832 3175 τούςκορυθαντιῶντας
844 3112 883 3155 καὶ
897 3125 985 3170 μαινο-
1011 3105 1116 3155 ineditos
1133 3122 1187 3157 esse
1204 3123 1269 3163 reor.
1288 3107 1396 3158 versibus
1413 3113 1546 3178 κυθίρνισον

453 3195 533 3252 μένους
544 3193 584 3236 καὶ
595 3196 640 3236 τῶν
651 3190 741 3236 οἰκείων
752 3193 842 3250 σαρκῶν
852 3191 985 3248 γινομένους
1011 3184 1075 3233 male
1090 3186 1207 3251 scriptum
1223 3187 1268 3235 suit
1282 3204 1325 3252 pro
1340 3192 1476 3257 κνθίρνησον
1491 3209 1498 3240 t
1511 3186 1545 3240 Ἂν

453 3267 493 3316 ούκ
517 3265 561 3316 οἶδ’
576 3266 638 3322 ὅπως
656 3267 772 3328 ἐμιμήσω.
793 3262 875 3311 Codex
896 3263 983 3322 Paris,
1011 3264 1061 3331 ἴδῃς
1084 3268 1145 3322 ξένον
1165 3267 1297 3335 ἄνθρωπον,
1314 3274 1353 3316 τὸν
1374 3271 1429 3318 κατ’
1446 3271 1489 3334 ἐμέ
1508 3289 1545 3321 σοι

453 3349 648 3409 ἂπογευομίνονς,
667 3343 734 3409 quod
751 3342 900 3412 estlomnino
920 3342 984 3392 reci·
1012 3346 1084 3404 λέγω,
1098 3339 1156 3394 Ὑπὸ
1168 3355 1209 3402 τῆς
1220 3349 1292 3408 τύχης
1302 3357 1343 3402 τῆς
1356 3355 1442 3415 πικρᾶς
1453 3350 1546 3412 ἀτίμοις

453 3427 578 3493 piendum.
1011 3422 1157 3489 ἐρριμμένον,
1170 3418 1208 3472 Ἐν
1216 3429 1287 3482 ξένοις
1297 3425 1466 3493 διατρίθοντα,
1477 3432 1546 3478 πινό-

487 3505 630 3570 ‘Respectu
643 3502 673 3552 ati
693 3501 739 3551 (λθ.
758 3501 788 3561 9,
801 3502 830 3548 31
845 3500 903 3557 ιὫς
921 3500 985 3550 σύδὲν
1011 3520 1079 3564 μενον
1095 3505 1192 3558 τελέως,
1206 3508 1235 3550 Σύ
1249 3512 1283 3566 μὴ
1302 3505 1405 3573 παρίδῃς
1418 3513 1458 3556 τὸν
1475 3506 1546 3558 αὑτὸν

454 3590 544 3648 γλύκιον
553 3587 578 3640 ἧς
589 3583 704 3650 πατρίδος
716 3579 769 3631 οὐδὲ
784 3586 871 3634 τοκήων
880 3585 983 3628 Γίνεται.
1011 3584 1042 3636 ὡς
1052 3581 1091 3629 ἕνα
1108 3591 1154 3629 τῶν
1168 3581 1266 3639 ἀδόξων.
1277 3577 1331 3631 Ἀλλ’
1343 3584 1468 3650 οἴκτειρον,
1484 3591 1547 3655 βοή-

454 3663 488 3713 lbi
508 3663 629 3727 Duportus
646 3657 758 3708 Gnomul.
773 3657 860 3706 similia
873 3656 985 3705 contulit.
1013 3663 1089 3718 θησον,
1098 3663 1231 3726 κυθὲρνησον
1244 3661 1329 3722 ἀξίως,
1338 3661 1512 3731 Ἰνόἰντιλοίθῃς
1521 3666 1546 3713 ἐκ

487 3738 604 3795 ’Codex.
626 3743 836 3805 περικαθήσανπες,
861 3745 984 3801 permuta
1013 3740 1546 3812 θεοῦτίιςἀμοιθὰςπλουσίαςΕἰςτὴνὴμίρνιν

454 3820 520 3868 tionc
528 3816 703 3880 vocatiumjam
714 3815 841 3864 observata
852 3830 894 3878 pp.
908 3816 933 3869 ’1,
944 3813 984 3861 39.
1012 3825 1053 3867 τοῦ
1064 3825 1145 3885 κριτοῦ
1154 3826 1196 3873 τὸν
1209 3822 1306 3887 ροθερὰν
1318 3821 1414 3875 ἐκείνην.
1427 3819 1485 3869 Mihi
1498 3836 1546 3870 uc-

454 3899 495 3947 Sic
512 3905 658 3963 καρπησεται
671 3910 697 3959 p.
713 3897 773 3953 118,
794 3895 834 3941 ta.
852 3891 986 3955 Georgium
1012 3905 1118 3945 taveram
1138 3895 1229 3946 codicis
1250 3897 1310 3961 regii
1333 3913 1461 3947 numerum
1481 3898 1548 3948 uude

455 3975 614 4039 Grumuiogio
625 3974 649 4022 in
659 3972 792 4023 anecdotis
804 3971 845 4021 Gr.
854 3971 925 4031 meis,
937 3981 954 4019 t.
963 3971 983 4030 1,
1012 3972 1057 4022 hus
1067 3989 1149 4023 versus
1159 3974 1276 4039 descripsi
1286 3990 1315 4024 ac
1327 3975 1434 4024 auctoris
1445 3992 1547 4038 numera,

454 4071 481 4120 p.
500 4056 531 4103 30
549 4073 555 4102 ι
572 4054 715 4102 δανειστικὸν
730 4053 828 4101 πλούτου
844 4055 858 4106 ἡ
873 4055 985 4117 θεράπιια
1012 4052 1032 4100 si
1048 4053 1092 4100 [uit
1106 4069 1121 4100 a
1136 4051 1234 4101 librario
1252 4053 1405 4116 appositum
1421 4053 1466 4103 aad
1484 4069 1547 4104 mccc

453 4144 498 4183 τῶν
509 4135 629 4196 δεομένων.
642 4132 683 4181 Sic
692 4147 749 4180 usus
758 4131 883 4180 iotacismo
896 4129 985 4180 mutari
1010 4145 1068 4195 pars
1086 4129 1208 4180 scheduiae
1226 4132 1307 4195 pariit.
1321 4131 1443 4181 Probabili
1458 4131 1548 4196 cunic-

453 4212 544 4261 codicis
556 4213 699 4276 scripturam
714 4212 830 4260 ὃανιτικίν
841 4224 916 4275 parvo
930 4223 985 4257 cum
1012 4219 1080 4257 ctura
1090 4209 1147 4258 iiius
1157 4209 1287 4259 Theodoro
1302 4211 1436 4261 Prodromu
1450 4210 1548 4261 tribuc-

454 4291 617 4338 emolumento
633 4292 769 4340 sententiaa.
787 4291 814 4339 ln
832 4288 879 4338 alio
899 4285 985 4336 codice
1011 4287 1066 4335 rim.

453 4367 533 4432 reperi
547 4366 636 4416 bonam
653 4370 798 4432 scripturam
816 4369 983 4422 δαπανητικόν.
1046 4365 1137 4415 ³t10d0
1155 4369 1220 4419 δεινὰ
1239 4377 1302 4418 ποιεῖ
1319 4384 1344 4431 p.
1364 4369 1425 4427 ttt,
1442 4369 1468 4418 5.
1484 4367 1548 4419 vida

454 4446 481 4495 ln
499 4443 658 4509 Anthologia‚
674 4449 716 4504 ta,
728 4449 758 4508 1,
770 4444 891 4494 Vaticana}
902 4459 984 4493 mcm-
1012 4460 1037 4508 p.
1053 4447 1099 4505 92,
1112 4462 1137 4496 u.
1149 4448 1175 4495 3.
