3684 5659
437 604 507 675 442
779 610 814 668 Γ.
842 607 915 668 ΤΟΥ
940 604 1194 667 ΠΑΧΥΜΕΡΟΥΣ

483 743 575 809 Ταῦτ’
598 744 700 827 εἰπών,
724 744 777 809 κάί
800 743 934 827 τούτοις,
957 743 997 816 ὡς
1020 742 1118 821 εἰκός,
1139 740 1267 827 ἐμαυτὸν
1285 739 1529 832 συγκροτήσας“,

435 854 502 929 ὅλος
523 855 666 944 γενναίως
689 855 817 943 ίσταμαι
840 855 913 946 πρὸς
931 853 981 916 τὸν
1000 846 1157 936 κλύδωνα,
1177 853 1230 915 καί
1248 860 1367 927 κοντοῖς
1389 853 1443 916 καί
1466 852 1531 917 κώ-

435 990 506 1040 παις
525 966 614 1051 μόνος
632 963 723 1040 αῦτός
740 968 792 1030 καὶ
813 960 930 1052 μηδένα
953 967 1031 1050 έχων
1050 964 1100 1027 τόν
1117 967 1337 1053 συνεργοῦντα,
1358 961 1532 1029 ἀπευθύνειν

437 1083 587 1165 πειρῶμαι
604 1074 657 1144 την
675 1079 760 1139 ναῦν.

483 1165 568 1251 Ᾰλλά
587 1183 757 1250 τούντεῦθεν
776 1185 909 1276 πέλαγος
925 1184 1001 1249 ἀλλο
1023 1191 1081 1249 τῶν
1099 1184 1251 1274 λογισμῶν
1267 1182 1531 1275 ἀνέρρωγεφοθε-

434 1296 498 1385 ρόν.
518 1295 612 1358 Μόνον
630 1295 689 1384 γάρ
707 1288 903 1384 διηγούμενος
920 1296 1052 1384 φρίττω,
1069 1294 1122 1357 καί
1139 1295 1214 1384 πρὸς
1231 1292 1334 1380 ἐκείνῳ
1348 1301 1391 1380 τῷ
1405 1289 1531 1381 κινδύνῳ

434 1406 570 1493 γίνομαι.
596 1381 621 1467 ti
640 1406 771 1479 ποσάκις
790 1403 1006 1499 συνεθνθίσθην
1026 1411 1069 1489 τῷ
1088 1403 1200 1491 πλοίῳ,
1220 1405 1272 1468 καί
1290 1402 1394 1487 πάλιν,
1414 1403 1456 1478 ὡς
1474 1405 1533 1468 ἀπό

435 1539 513 1590 τινος
537 1516 637 1606 χειρὸς
660 1516 862 1605 ἀναγόμενος,
888 1514 1035 1605 μετέωρον
1056 1509 1139 1601 εἶχον
1162 1513 1234 1606 ὁρᾷν
1255 1515 1308 1579 καί
1331 1513 1462 1601 ἐμαυτόν
1479 1516 1532 1579 καί

434 1626 487 1696 τὴν
504 1617 593 1691 ναῦνί
619 1603 644 1689 ίλ
665 1628 796 1701 ποσάκις
813 1627 998 1717 άπερρόρουν
1015 1630 1067 1689 τοῦ
1088 1624 1240 1711 κύματος,
1259 1627 1311 1690 καί
1330 1625 1383 1694 τὴν
1399 1649 1531 1716 πνιγμο-

434 1738 486 1807 νην
508 1735 678 1827 ῦριστάμην
701 1737 747 1810 ὡς,
762 1743 938 1827 παροῦσαν,
964 1734 1031 1801 ἀλλ’
1052 1735 1111 1824 οὐχ
1131 1736 1172 1809 ὡς
1190 1726 1377 1823 μέλλουσανί
1398 1740 1533 1814 Ποσάκις

435 1842 469 1912 δὲ
487 1849 538 1912 καί
558 1847 604 1913 ἐπὶ
624 1855 682 1913 τῶν
699 1851 967 1939 καταστρωμάτων
984 1846 1179 1930 κατέπιπτον,
1200 1841 1294 1934 μηδὲν
1311 1850 1390 1936 ἔχων
1408 1851 1533 1939 ἔρεισμα

434 1967 498 2033 τοῖς
519 1961 592 2022 ποσί
601 1948 609 2018 ί
635 1960 769 2033 Ποσάκις
787 1958 904 2049 ἑλεγου·
927 1983 942 2014 ν
960 1954 1147 2045 Εῦδαίμονες
1166 1963 1257 2032 όντως
1277 1958 1303 2021 οί
1325 1954 1530 2049 ἀποδράντες,

435 2067 492 2132 κάν
510 2063 591 2159 ῦδωρ
609 2069 725 2142 πιόντες
738 2067 869 2158 ἁλμυρόν
885 2064 1106 2144 ἐξαπόλωλον’·
1125 2068 1230 2144 ἀθλιος
1245 2063 1274 2131 δ’
1288 2066 1349 2158 ἐγὼ
1363 2070 1416 2132 καί
1431 2071 1531 2160 τριςά·

437 2178 517 2254 θλιος
534 2175 611 2242 οὕτω
627 2181 757 2266 πάσχων
778 2180 830 2243 καί
849 2181 951 2255 τόσοις
965 2180 1150 2266 μαχόμενος.
1169 2180 1229 2243 Καί
1251 2180 1363 2242 ἀνωθεν
1380 2176 1532 2270 μὲνῦφο-

437 2285 507 2380 δραί
525 2298 584 2355 τῶν
603 2288 719 2377 ἀνέμων
735 2291 843 2373 πνοαί,
864 2292 997 2355 κάτωθεν
1018 2285 1052 2354 δὲ
1075 2296 1182 2381 ἀγριαι
1198 2285 1378 2380 καταιγίδες
1399 2291 1453 2355 καί
1475 2290 1531 2355 κύ-

437 2427 538 2487 ματα,
558 2401 596 2465 τά
614 2395 648 2464 δὲ
663 2395 748 2465 δεινὰ
763 2403 1022 2491 περιστοιχίζουσι
1040 2398 1207 2465 κύκλωθεν·
1229 2401 1281 2464 καὶ
1299 2398 1389 2486 μέσος
1403 2399 1463 2490 ἐγὼ
1475 2409 1533 2467 τῶν

436 2509 587 2575 τοσούτων
604 2511 656 2574 καί
675 2509 857 2581 τηλικούτων
875 2519 977 2576 κακῶν
990 2535 1019 2574 ν.

486 2602 622 2687 Ᾱλλά-τί
640 2622 700 2713 χρη
723 2621 847 2712 λέγοντα
869 2618 1051 2713 διατρίθειν,
1077 2623 1129 2703 καί
1154 2622 1193 2684 τά
1215 2629 1268 2696 τῆς
1291 2622 1397 2696 νυκτὸς
1420 2620 1534 2701 ἐκείνης

437 2731 559 2822 ἐπάγειν
572 2731 685 2823 φοθερά
699 2728 849 2820 δείματα;
864 2733 1045 2823 Επέρωσκεν
1056 2735 1075 2803 ἡ
1087 2732 1198 2823 ἡμέρα,
1214 2733 1332 2796 καὶτοῦ
1346 2729 1533 2812 Ποσειδῶνος

438 2842 523 2926 μόλις
552 2840 717 2932 ἐτύγχανον
738 2843 821 2906 ίλεω.
849 2842 947 2917 Εῦθῦς
973 2844 1031 2935 γάρ
1049 2845 1139 2907 ιοῦπω
1169 2841 1275 2918 τελέως
1306 2842 1338 2906 αἱ
1367 2847 1421 2907 τοῦ
1448 2845 1533 2915 ἡλίου

438 2955 555 3027 ἀκτῖνες
574 2961 610 3040 τῇ
628 2961 667 3042 γῇ
680 2951 879 3043 προςέθαλον,
899 2955 951 3018 καὶ
963 2953 1095 3018 παύουσι
1109 2952 1162 3040 μὲν
1178 2956 1217 3018 τά
1232 2949 1350 3044 σφοδρὰ
1365 2953 1465 3019 ἐκεῖνα
1481 2958 1532 3021 καί

442 3062 564 3150 χαλεπά
578 3062 752 3149 πνεύματα,
777 3061 982 3150 κοιμίζονται3
999 3060 1032 3129 δὲ
1051 3067 1090 3128 τά
1112 3071 1208 3155 ἀγρια
1228 3063 1369 3150 κύματα,
1391 3066 1534 3131 θάλασσά

438 3198 469 3236 τε
495 3175 645 3264 γαληνιᾷ,
672 3175 725 3238 καί
749 3175 788 3237 τά
817 3177 1048 3265 μετεωρίσματα
1074 3174 1186 3251 ταύτης
1212 3175 1531 3266 καταστορέννυνταιί,

473 3408 479 3433 ¹
495 3409 522 3458 P.
535 3410 579 3459 16¹2
593 3414 726 3475 ιλογισμοῖς
737 3418 798 3463 τισίν
810 3414 910 3476 ἐμαυτὸν
922 3431 973 3475 συγ·
999 3413 1111 3462 Ποσειδὼν
1124 3418 1163 3460 καί
1176 3422 1206 3479 τῇ
1217 3418 1254 3466 νηῒ
1266 3419 1306 3468 σὴν
1316 3413 1374 3474 (imo
1386 3420 1440 3474 τήν)
1449 3415 1534 3463 θάλατ·

439 3500 521 3555 κροτῶ.
538 3490 568 3538 Et
580 3489 621 3539 hic
634 3491 735 3541 fortasse
751 3490 866 3541 omissum
880 3501 916 3538 est
931 3495 973 3540 λο-
999 3511 1041 3540 ταν
1052 3491 1217 3558 ύπεστόρηοιν.
1231 3489 1334 3538 Basilius
1346 3490 1377 3538 Μ.
1391 3490 1463 3540 Hom.
1475 3491 1533 3540 Mor.

438 3580 544 3631 γισμοῖς,
558 3569 581 3617 ni
598 3579 681 3618 mente
693 3569 867 3635 supplendum.
1000 3586 1027 3634 p·
1042 3571 1090 3618 385
1103 3589 1108 3616 ι
1121 3577 1163 3624 τὴν
1177 3571 1342 3635 ἀγριαίνουσαν
1352 3574 1392 3617 καί
1404 3574 1534 3637 βρασσομί·

471 3645 533 3695 'Sic
550 3647 637 3696 codex.
653 3648 689 3696 Ex
703 3659 761 3697 nota
774 3663 879 3712 persona
890 3647 974 3710 singu·
1000 3669 1039 3704 νην
1048 3659 1081 3714 τῷ
1095 3649 1193 3706 κλύδωνι
1202 3647 1338 3710 (θάλασσαν)
1350 3651 1436 3713 βαθεῖα
1448 3653 1535 3710 γαλήνη

438 3724 483 3772 luri
502 3724 594 3782 ὄλωλεν,
613 3741 667 3788 quae
685 3737 723 3774 est
739 3725 769 3774 ab
791 3725 880 3783 ὄλωλα,
905 3723 975 3774 finxit
999 3732 1178 3794 κατεστόρησεν.
1196 3725 1366 3775 Theodoreus
1387 3725 1485 3775 Prorid·
1508 3729 1534 3786 1,

440 3801 540 3850 fortasse
554 3801 672 3865 pluralem
688 3802 783 3852 tertiam
794 3802 886 3852 όλωλον.
1000 3821 1024 3869 p.
1040 3808 1067 3854 θλ
1081 3826 1087 3853 t
1100 3809 1204 3856 θάλασσα
1217 3807 1369 3873 ἐστορεσμὲνη
1382 3810 1474 3862 καὶτῆς
1485 3824 1536 3868 γει·

472 3878 754 3945 ὅ(ίοίίθλ,νινριίζοντνιι.
1000 3895 1093 3951 μερινῆς
1116 3887 1281 3946 ἀπηλλαγμίνη
1305 3886 1465 3951 τραχύτητος.
1491 3883 1535 3944 Qui

472 3957 660 4024 ‘Metaphoram
681 3959 747 4007 verbi
765 3964 973 4026 καταστρώννυμι,
1000 3963 1068 4012 loeus
1082 3962 1144 4012 tueri
1160 3961 1253 4026 poterit
1262 3960 1424 4011 Themistium
1434 3962 1471 4012 sio
1484 3959 1536 4010 edi-

439 4042 590 4103 κκταστορέω
605 4037 726 4087 iilustranr
745 4035 891 4099 interpretes
906 4037 974 4085 Alci·
1002 4052 1051 4089 rum
1065 4041 1130 4090 Orat,
1149 4043 1230 4104 t5,p.
1248 4042 1309 4097 939,
1324 4043 1354 4100 3,
1369 4050 1415 4089 τῶν
1427 4044 1536 4105 κυμάτων

439 4115 540 4178 phronis
549 4115 579 4164 ad
589 4115 875 4181 primaprimaeepistolae
885 4117 972 4166 verba:
1001 4126 1033 4168 τὰ
1052 4126 1094 4182 μὲν
1112 4119 1366 4186 κατεστόρεσταιῆδη,
1380 4127 1466 4167 contra
1479 4133 1537 4184 pro·

439 4203 542 4259 χρηστὴν
557 4195 975 4263 ἡμῖνηθάλασσατοτήμερονεῖναι
1001 4199 1104 4263 positam
1140 4198 1319 4247 correctionem
1354 4203 1535 4266 κατεστόρηται.

439 4280 481 4326 την
500 4276 600 4334 γαλήνην
615 4275 748 4341 ἑοτόρηοεν.
771 4275 902 4338 Procopius
924 4274 974 4324 Ga·
1002 4278 1074 4326 Poeta
1085 4277 1246 4342 Anthotogiae,
1258 4280 1280 4334 1,
1293 4278 1302 4323 l
1313 4275 1390 4333 18‚ad
1399 4275 1536 4326 Christum:

439 4365 501 4396 zaeus
521 4348 599 4412 Epist.
620 4353 650 4399 52
667 4353 783 4402 raianae:
799 4355 889 4403 ἔδεε...
905 4354 975 4402 διδά-
1000 4350 1064 4410 Ἀλλ’,
1079 4354 1096 4404 ὦ
1111 4360 1199 4417 γαλήνη
1212 4362 1252 4404 καί
1268 4361 1439 4422 οτορεοτὰ-τῆς
1457 4359 1536 4417 ζάλης.

439 4447 500 4477 σκειν
513 4433 640 4486 ποθοῦντας
655 4435 679 4479 εί
697 4452 731 4482 σοι
750 4439 838 4495 γέγονεν
856 4433 974 4497 εῦμτνὴςῦ
1002 4430 1133 4495 Gregorius
1145 4434 1227 4484 Presb.
1244 4434 1271 4483 V.
1286 4434 1344 4483 Noz.
1362 4449 1388 4498 p.
1404 4433 1419 4481 ι’)
1437 4438 1538 4489 τὴτίως
