3684 5659
372 591 446 663 228
712 598 747 657 Γ.
773 597 848 658 ΤΟΥ
873 594 1129 657 ΠΑΧΥΜΕΡΟΥΣ

422 706 487 796 θνα
512 737 571 794 τῶν
597 727 675 817 ἐμῶν
697 729 867 816 πολεμικῶν
892 728 1018 820 ἀγώνων
1043 731 1096 794 καί
1122 728 1208 816 μάλα
1233 726 1337 813 βίαιον
1359 730 1473 797 ἐκεῖνον

373 839 552 931 ἐλογιζόμην
569 840 725 931 πρότερον,
744 837 815 904 καθ’
833 838 865 903 όν
881 841 961 904 ἔνθεν
978 837 1031 925 μὲν
1047 841 1067 909 ἡ
1084 837 1173 930 φύσις
1188 840 1374 922 ἀνθίστατο,
1393 840 1475 919 ἐκεῖ·ι

373 952 420 1014 θεν
439 946 468 1014 δ’
487 952 506 1021 ἡ
525 950 629 1040 γνώμη
645 948 854 1037 ἀντεπολέμει·
872 950 971 1036 ἡμίν,
991 948 1036 1014 ότι
1052 958 1126 1024 παῖς
1134 951 1193 1026 1καὶ
1210 957 1269 1014 τῶν
1283 949 1364 1037 ἐμῶν
1379 974 1472 1044 σπερ-

372 1062 475 1148 μάτων
491 1061 507 1123 ὁ
524 1059 722 1148 πλημμελῶν·
741 1062 760 1130 ἡ
779 1054 830 1142 δέ,
850 1059 895 1131 ότι,
910 1058 978 1129 ἀλλ’
992 1059 1138 1151 ἀριστέως
1156 1065 1228 1124 όντα
1241 1056 1345 1126 παῖδα
1361 1061 1396 1127 ού
1410 1063 1473 1153 χρὴ

371 1176 505 1235 τοιοῦτον
524 1168 619 1249 εἶναι,
640 1166 710 1243 οὐδὲ
728 1174 781 1259 ζῇν
798 1175 927 1243 τοιαῦτα
944 1165 1213 1262 διαπραττόμενον.
1232 1174 1388 1243 Νενίκηκοι
1403 1197 1472 1237 τοι·

371 1286 484 1372 γαροϋν
509 1283 646 1346 κάκεῖνον
672 1281 722 1349 τόν
747 1279 876 1367 πόλεμον
897 1278 951 1345 σὺν
978 1283 1073 1365 θεοῖς,
1102 1283 1168 1346 καὶ.
1183 1281 1272 1373 φύσις
1298 1283 1413 1354 ἡττήθη
1437 1283 1472 1347 τὸ

372 1387 551 1475 βιαιότατον
572 1389 626 1462 ἀπ’
648 1389 812 1465 εὐσταθοῦς
835 1390 957 1481 γνώμης
978 1392 1030 1455 καὶ
1055 1387 1260 1481 φιλοπόλιδος.

417 1505 479 1565 Νῦν
492 1496 521 1565 δ’
537 1500 629 1565 άλλον
643 1503 749 1591 ἀγῶνα
763 1502 814 1565 καί
829 1500 990 1587 πόλεμονὴ
1006 1499 1084 1589 τύχη
1101 1504 1332 1592 παρασκευάζει
1352 1501 1400 1568 ἐπὶ
1419 1508 1471 1568 τοῦ

371 1607 532 1702 ὑμετέρου1
549 1609 655 1686 τούτου
672 1605 891 1700 δικαστηρίου,
910 1611 963 1674 καὶ
982 1613 1061 1683 ἔστιν
1078 1609 1269 1686 άντίπαλοςὸ
1284 1614 1469 1704 κατήγορος.

371 1723 516 1805 Νικήσω,
536 1723 655 1813 θαρρῶ,
675 1722 727 1784 καὶ
746 1725 864 1785 τοῦτον.
879 1721 939 1784 Καὶ
956 1722 1023 1793 τίνα
1038 1719 1244 1811 τρόπονςΟύκ
1257 1723 1469 1812 άρεθήσομαι,

372 1830 466 1922 λέγω·
491 1834 580 1895 τοῦτο
601 1833 662 1923 γάρ
685 1829 731 1921 ἐφ’
749 1829 817 1918 ὑμῖν
841 1839 941 1898 κεῖται
962 1832 1015 1896 καὶ
1036 1832 1156 1923 μόνοις·
1176 1833 1229 1895 καὶ
1249 1830 1470 1921 όπωςσυμπέ-

373 1964 455 2028 σοιμι
474 1940 508 2012 ού
532 1936 702 2027 διοίσομαι.
728 1922 801 2005 Ᾰλλ’
823 1944 848 2005 εἰ
870 1942 922 2011 καὶ
945 1939 1075 2032 φονεύειν
1098 1944 1311 2032 προαιρεῖσθε,
1333 1941 1471 2031 άσμόνως

373 2046 498 2139 δέξομαι
516 2052 569 2124 τὴν
586 2053 719 2145 σφαγήν,
742 2053 794 2115 καὶ
820 2047 908 2126 δείξω
928 2053 995 2117 τότε
1013 2052 1054 2139 μὴ
1073 2053 1162 2138 μόνον
1180 2050 1226 2116 ἐπὶ
1246 2054 1364 2142 γνησίῳ
1380 2049 1468 2119 παιδὶ

373 2162 426 2232 τὴν
446 2161 532 2252 φύσιν
556 2165 702 2247 νικήσας,
726 2161 875 2228 ἀλλὰκαὶ
894 2161 941 2228 ἐπ’
960 2162 1081 2250 ἐμαυτῷ
1100 2163 1153 2227 καὶ
1169 2170 1206 2252 τῇ
1225 2157 1292 2247 ἰδίᾳ
1309 2167 1388 2253 ζωῇ.
1409 2165 1467 2230 Καὶ

373 2270 464 2342 άλλον
488 2267 619 2360 δέχομαι
642 2267 778 2339 κίνδυνον
801 2277 905 2338 τοῦτον
922 2270 996 2363 ὑπὲρ
1012 2281 1065 2349 τῆς
1086 2271 1219 2357 πόλεως,
1242 2273 1301 2339 κάν
1318 2273 1362 2361 μὴ
1376 2274 1468 2351 πολέ-

304 2393 307 2397 ’
374 2407 442 2469 μιος
460 2383 578 2475 κτείνῃ,
598 2379 667 2448 ἀλλ’
685 2379 788 2469 ὑμεῖς,
807 2380 879 2473 ὑπὲρ
897 2375 938 2448 ὧν
955 2383 995 2447 τά
1012 2382 1112 2448 πολλά
1127 2384 1420 2474 πεπραγμάτευμαι.

423 2494 518 2567 Μόνον
545 2497 632 2559 τοῦτο
661 2492 852 2584 παρακαλῶ,
878 2490 1048 2584 προθύμους
1075 2488 1150 2559 εἶναι
1176 2495 1294 2570 πάντας
1318 2492 1393 2586 ὑπὲρ
1418 2503 1470 2570 τῖς

375 2601 506 2692 πόλεως,
533 2604 585 2682 καί
604 2605 705 2678 πάντα
728 2603 836 2695 τρόπον
859 2601 977 2692 ἐνάγειν
997 2602 1072 2694 πρὸς
1092 2608 1180 2669 τοῦτο
1202 2602 1342 2680 καὶτοὺς
1365 2603 1466 2681 υἱούς·

375 2859 485 2916 Θεαγένει
492 2859 595 2923 βοτάνην
603 2853 719 2918 ύπέσχετο
728 2864 757 2920 τῇ
768 2860 907 2923 προτεραίᾳ,
937 2858 1021 2911 θεατὴς
1035 2856 1087 2918 ἅμα
1098 2861 1139 2905 καὶ
1149 2860 1271 2923 τολμηρῶς
1287 2858 1413 2916 ἐπαινέτης
1423 2865 1470 2929 βα·

376 2935 498 2995 μαστεύων
512 2933 589 2995 ὀλίγον
603 2943 645 2989 τῆς
657 2937 737 2996 λίμνης
750 2933 833 2982 άποθεν
851 2934 909 2982 ἐπο-
937 2936 1072 2990 οιλικῆςκαλ
1082 2937 1144 2990 θείας
1154 2938 1346 3000 μεγαλειότητος.
1359 2936 1471 2987 Fortasse

374 3013 464 3077 ρεύετο.
477 3009 561 3058 Codex
574 3008 681 3059 Venetus
693 3017 831 3074 μαστεύειν.
843 3009 909 3058 Scri·
937 3015 1051 3077 τολμηρός
1064 3011 1203 3074 legendum.
1219 3012 1299 3077 Lydus
1313 3013 1346 3063 de
1362 3014 1469 3079 Magistr.

375 3097 419 3152 pto
444 3091 593 3151 μαστεύσων,
618 3088 691 3136 lectio
716 3088 743 3136 fit
765 3087 908 3152 probabilis.
936 3103 962 3150 p.
974 3089 1075 3137 38:5rt
1090 3090 1115 3137 δὲ
1124 3094 1193 3146 Τίτος
1206 3096 1293 3148 Τάτιος
1303 3100 1348 3148 τὴν
1358 3111 1471 3161 προςηγό-

376 3165 525 3216 scholiastes
539 3166 666 3224 Aristidis,
682 3175 700 3215 t.
714 3166 763 3228 lll,
779 3181 805 3230 p.
821 3167 909 3215 θῖετὸ
935 3171 990 3231 μίαν
1014 3167 1096 3222 ἐκεῖνος
1116 3166 1188 3230 εἶχεν.
1212 3168 1356 3232 Legendum
1380 3169 1472 3219 videtur

375 3248 508 3313 παραπλεῖν
530 3247 569 3294 ἐπί
587 3249 785 3313 παραθαλασσίων
806 3246 908 3307 λέγεται·
937 3245 1035 3300 ἐκείνως.
1046 3243 1175 3308 Euripides
1185 3245 1261 3295 Inone
1274 3244 1471 3297 Frletotavte

376 3331 403 3374 τὸ
414 3324 438 3373 δὲ
450 3328 571 3392 περιπλεῖν
584 3327 699 3380 ἐπίκητον.
712 3324 763 3374 lmo
777 3326 815 3374 ἐπὶ
828 3331 909 3380 νήσων.
937 3329 984 3388 χρὴ
997 3328 1088 3384 γυναικὶ
1102 3327 1228 3390 πρόςπολον
1242 3326 1292 3390 έᾷν,
1303 3325 1372 3382 Ἥτις
1391 3333 1419 3376 τὸ
1431 3333 1471 3389 μὲν

375 3401 407 3451 Et
427 3402 462 3452 sic
479 3403 588 3452 inferius.
603 3402 724 3452 Himerius
741 3402 808 3452 Orat.
828 3404 858 3463 3,
873 3403 908 3451 8:
938 3400 1029 3450 δίκαιον
1040 3399 1207 3462 οῖισιγήιεται.
1219 3401 1282 3450 Olim
1293 3401 1390 3466 conjeci
1404 3422 1472 3472 προς·

376 3479 394 3530 ὦ
415 3486 473 3538 θεοῖς
488 3488 530 3546 μὲν
545 3486 611 3551 ρίλε,
632 3486 690 3539 θεοῖς
706 3483 732 3532 δὲ
746 3487 833 3549 πρέπον
844 3484 910 3531 εἰκά-
937 3480 1024 3539 πόλων,
1034 3477 1100 3542 quod
1112 3479 1224 3535 Matthias
1236 3494 1285 3529 non
1298 3481 1437 3546 intelligere
1447 3497 1472 3532 ιε

375 3564 466 3621 ζεσθαι.
487 3561 601 3609 Scribere
617 3575 703 3610 secure
716 3562 796 3625 potuit
808 3560 912 3609 Werns-
938 3555 1013 3615 dixit3
1034 3572 1080 3619 ego
1095 3555 1193 3620 quidem
1207 3557 1245 3606 sic
1264 3557 1403 3624 intelligere
1415 3560 1472 3610 milri

376 3638 467 3688 dorfius
478 3646 582 3704 πρέπων,
595 3639 661 3703 quod
671 3649 796 3704 repertum
807 3639 831 3688 in
844 3638 911 3688 codi·
936 3633 1038 3684 videbat
1048 3653 1054 3683 :
1066 3642 1113 3702 χρὴ
1128 3642 1221 3697 γυναικί
1234 3638 1259 3687 ἐν
1276 3647 1325 3686 τῶν
1341 3643 1473 3706 προςπόλιιν

376 3714 445 3765 cibus
466 3716 564 3780 reliquit
581 3717 606 3764 in
627 3727 694 3776 rota.
707 3716 738 3764 Et
758 3717 810 3779 ipse
829 3716 909 3780 reperi
936 3714 1030 3763 τοιάνδε
1039 3714 1088 3778 ἐᾷν,
1098 3716 1192 3769 ἥτις...
1203 3713 1318 3778 Sequitur
1326 3723 1473 3777 versus‚'l'd

376 3799 481 3861 πρέπων.
505 3793 635 3856 Gregorius
657 3795 714 3843 Naz.
742 3794 852 3858 Epistola
879 3794 911 3846 ad
937 3793 959 3841 δ’
972 3794 1062 3858 αἰσχρὰ
1073 3799 1188 3855 μιοεῖκαῖ
1200 3796 1254 3843 κατ’
1268 3797 1403 3862 όγθάλμους
1414 3797 1470 3861 ἔχει,

375 3870 502 3920 Libanium
510 3889 515 3918 :
523 3878 602 3940 μήτηρ
612 3879 686 3940 πατρὶ
697 3874 809 3940 πέπομφα
819 3873 908 3934 παῖδα,
937 3871 962 3920 in
974 3886 1040 3936 quo,
1054 3886 1115 3920 sono
1126 3886 1175 3919 non
1190 3881 1297 3928 mutato.
1310 3873 1410 3924 vocales
1424 3890 1473 3924 mu·

375 3955 390 4006 ἡ
410 3955 472 3999 κατὰ
494 3951 559 4016 φύσιν
580 3955 607 3999 τὸ
628 3955 692 3999 κατὰ
712 3953 801 4012 λόγους.
825 3948 910 3998 Codex
937 3957 1013 3998 tarent
1028 3949 1201 4012 εμισοῖ,ε’χοι.
1215 3948 1339 3999 Himerius
1352 3950 1472 4014 Orattt,

375 4027 435 4078 milti
450 4026 537 4077 obtulit
548 4038 580 4096 τῷ
591 4027 697 4092 optimc,
710 4027 803 4076 scilicet
818 4037 851 4094 τῷ
861 4048 911 4078 πα·
936 4023 979 4090 §6
994 4043 1000 4074 ι
1015 4030 1097 4094 ρθόνου
1111 4027 1136 4075 δὲ
1150 4017 1204 4083 ἴσως
1216 4026 1260 4090 οὐχ
1276 4029 1343 4089 ἅλις,
1357 4031 1400 4086 ἕως
1414 4032 1441 4080 ἂν
1452 4031 1472 4080 σέ

376 4111 425 4172 τρί.
440 4104 495 4154 Fuit
504 4105 569 4155 enim
584 4105 697 4156 Libanius
707 4104 817 4171 Gregorii
829 4107 911 4171 magi·
937 4110 1001 4170 λόγον
1011 4114 1109 4172 χρυσαῖς
1118 4113 1268 4173 κουρίζονται
1278 4112 1390 4175 πτέρυξι·
1404 4113 1471 4159 πάλιν

376 4192 436 4244 ster,
448 4193 473 4232 et
484 4184 591 4249 magistri
603 4185 691 4250 saepius
701 4194 783 4249 patres
793 4196 911 4235 vocantur
937 4189 1106 4252 φθεγγώμεθα,
1131 4188 1203 4234 πάλιν
1226 4197 1365 4252 χορηγῶμεν
1392 4189 1415 4236 ἐν
1441 4198 1471 4253 τῷ

377 4258 618 4323 adiscipulis.lllich.
632 4262 776 4317 Choniates,
791 4263 909 4313 Encomio
937 4267 1020 4330 φθόνῳ.
1037 4262 1103 4312 Benc
1120 4263 1197 4314 codex
1217 4274 1273 4325 ζων,
1286 4276 1311 4316 et
1325 4276 1394 4316 caret
1410 4283 1471 4334 pra-

377 4335 453 4385 lsaaci
467 4338 567 4400 singoli,
580 4340 645 4403 quod
660 4342 752 4406 primus
764 4341 841 4390 edidit
860 4356 910 4389 nu·
936 4341 1059 4405 positione
1070 4344 1102 4391 ἐν.

376 4413 511 4477 perl'alel.
533 4415 621 4476 vird,
640 4417 656 4481 §
673 4422 821 4486 Ἱππάρτιμι
842 4420 908 4486 διύρο
970 4419 1231 4486 ’θοδθν,ἡμετε’ρου.
