3684 5659
805 628 963 691 MEAETH
988 618 1026 690 l'.
1390 630 1460 700 203

369 794 438 858 μοι,
464 764 577 837 ταύτην
600 763 647 829 ε’πί
672 772 735 838 τοῖς
756 764 857 851 νόμοις
879 767 1047 857 μαθήτριαν
1067 762 1178 846 έθειξε;
1202 770 1248 843 τίς
1270 768 1285 832 ὁ
1307 764 1462 837 διδάσκων

368 881 420 945 καί
438 886 591 970 γυναῖκα,
611 875 662 940 καί
683 871 760 939 οὕτω
777 871 919 959 βιοῡσαν,
938 878 1095 941 κάντεῦθεν
1111 879 1302 968 πανταχόθεν
1320 882 1462 971 ἀπειργο

370 991 506 1079 μένην,ε
493 981 584 1064 ξων
606 985 709 1074 ἔμελλέ
725 1010 797 1051 ποτε
815 989 893 1074 μανθ
896 989 976 1051 ἀνειν
992 1011 1021 1051 τι
1040 991 1207 1121 χρήσιμον,
1227 990 1379 1079 Ηγνύει
1350 1014 1384 1054 το
1401 991 1464 1055 λοι-

368 1103 437 1186 πύν,
456 1101 574 1210 ήγνόει
591 1099 644 1163 καί
662 1105 715 1172 τής
730 1099 857 1229 ἀγνοίας
872 1096 967 1168 πολλή
984 1099 1148 1189 συγγνωμή
1165 1101 1250 1190 παρά
1266 1108 1330 1175 τοῖς
1346 1101 1463 1191 κρίνου-

368 1235 431 1276 σιν.
449 1211 562 1275 Εντεῦθ
566 1232 595 1273 εν
612 1207 688 1278 ἀλλη
710 1208 750 1271 τά
766 1215 824 1273 τῶν
845 1209 944 1294 νόμων
960 1215 1034 1284 ἴσως
1053 1210 1242 1296 μαθήσεται,
1268 1211 1320 1275 καὶ
1341 1213 1464 1301 τηρήσει

369 1320 583 1410 ροθηθεῖσα
555 1342 588 1383 το
606 1342 662 1409 προ
665 1319 873 1405 ςταττόμενον.

419 1410 517 1523 ίλςπερ
530 1432 627 1495 τοίνυν
643 1428 720 1500 ἀλλη
736 1431 821 1519 παρά
836 1429 949 1505 ταύτης
962 1434 1023 1518 μαθ
1026 1437 1104 1497 οὖσα
1116 1429 1322 1518 φυλοίξεται
1292 1457 1344 1503 την
1357 1459 1420 1525 πρα
1400 1431 1465 1510 αξιυ

369 1543 412 1618 ὡς
433 1549 563 1629 ἄνομον,
590 1537 683 1615 οὕτως
706 1535 742 1612 ήν
763 1541 800 1604 ἀν
823 1541 875 1603 καί
899 1539 1011 1612 ταύτην
1031 1567 1092 1634 παρ
1096 1541 1215 1619 ’ἀλλης
1239 1546 1358 1630 μαθεῖν,
1384 1551 1464 1657 εἴπερ

368 1662 473 1746 φυγεῖν
496 1651 553 1743 πρὸ
578 1650 671 1726 αὐτῆς
698 1650 791 1721 ἀλλην
813 1649 923 1722 ταύτην
948 1652 1001 1722 τήν
1028 1657 1214 1745 κατηγορίαν
1240 1654 1411 1720 συνέπεσεν.
1439 1660 1464 1721 Ο

369 1759 552 1855 δ’ἀγνοῶν,
571 1789 624 1828 και
642 1770 759 1853 πρῶτος
778 1757 831 1825 ιλιά
848 1761 936 1827 ταῦθ’
956 1761 1063 1839 ἀλούς1
1067 1811 1076 1848 ,
1096 1766 1277 1855 συγγνώμης
1294 1767 1389 1841 ἐντός.

419 1873 461 1937 Σὺ
479 1869 514 1939 δὲ
531 1872 613 1956 ἀλλ’,
632 1876 657 1937 εί
676 1869 797 1956 βούλει,
817 1867 894 1958 μηδὲ
919 1876 1126 1964 συγγίνωσκε,
1150 1875 1285 1962 λοίμθανε
1304 1877 1356 1946 τήν
1379 1873 1466 1949 δίκην

369 1987 453 2050 κατά
469 1983 539 2060 τοὺς
555 1985 681 2072 νόμους,
701 1984 753 2047 καί
769 1984 809 2046 τά
825 1986 940 2073 χρυσία
953 1986 1031 2048 ποίει
1047 1981 1199 2072 δημόσια·
1218 1989 1249 2050 τί
1265 1986 1416 2062 ἐπιτείνεις
1432 1989 1466 2052 τὸ

370 2098 544 2188 πρύςτιμον,
561 2092 706 2161 δίκαιον
698 2118 728 2159 ον
742 2094 855 2160 ἀνιέναι
872 2097 925 2159 καὶ
942 2097 976 2160 τὸ
993 2099 1198 2188 προκείμενον.
1219 2099 1347 2162 Ποίει
1318 2123 1370 2168 την
1385 2095 1467 2174 ἀπαξ

370 2209 680 2299 ἀπερυθριάσασαν
658 2222 787 2297 απορον·
808 2208 887 2270 ποίει
904 2205 994 2270 πάλιυ
1010 2204 1208 2320 παρειςθύεσθ
1211 2237 1243 2274 αι
1261 2220 1329 2285 ταῖς
1343 2213 1467 2301 γωνίαις

371 2344 423 2384 και
412 2315 687 2410 1ὀἰνιοτριθεῖντην
700 2323 805 2390 κακῶς
822 2315 1093 2402 έμπομπεύσασαυ.
1113 2297 1154 2382 Ᾰν
1172 2319 1312 2409 ἀγέλη
1278 2345 1318 2384 τα
1330 2323 1464 2448 χρυσία,

372 2428 438 2496 ύλον
459 2428 637 2520 ἀφείλου
608 2452 659 2492 τον
681 2425 821 2493 πλούτου.
848 2428 942 2491 Πόσοι
965 2427 1055 2491 πάλιν
1077 2430 1180 2519 χρόνοι
1204 2424 1257 2492 θιά
1280 2429 1392 2505 ταύτης
1414 2439 1468 2505 τῆς

373 2538 521 2632 ἐργασίας
533 2534 666 2614 δείξουσι
681 2537 792 2609 ταύτην
809 2539 951 2628 εύπορον;
970 2536 1011 2601 Σὺ
1028 2536 1080 2625 μέν
1098 2538 1263 2625 λαμθάνεις
1275 2540 1326 2605 τὸν
1340 2541 1467 2606 πλοῦτον

372 2651 484 2736 αι’ντής,
509 2649 620 2721 ταύτην
645 2645 678 2714 δὲ
700 2649 789 2714 πάλιν
811 2651 830 2719 ή
851 2651 939 2713 πενία
957 2650 998 2724 ὡς
1019 2650 1216 2737 αἰχμοίλωτον
1237 2650 1464 2742 παραλήψεται.

371 2763 428 2828 Καὶ
454 2760 494 2827 σὺ
517 2758 572 2848 μὲν
594 2763 720 2852 ἀφήσεις
744 2758 900 2850 ἐλευθέραν
926 2759 1037 2836 αὐτήν,
1065 2759 1132 2824 ἀλλ’
1156 2763 1174 2831 ή
1199 2759 1276 2848 τύχη
1300 2762 1352 2826 καί
1378 2761 1468 2827 πάλιν

371 2866 574 2937 δουλώσεται.
598 2869 658 2955 Σύ,
680 2870 721 2945 ὡς
741 2871 839 2952 εἰκός,
861 2868 1009 2954 ἐλεήσεις,
1029 2872 1048 2942 ή
1066 2871 1179 2958 μᾶλλον
1196 2871 1229 2935 τὸ
1246 2872 1342 2962 παρὸν
1359 2871 1467 2962 ριλάν-

373 2984 490 3075 θρωπον
513 2978 726 3072 δικαστήριον·
748 2979 849 3051 ἀλλ’ή
871 2982 958 3045 πενία
975 2980 1158 3046 έπικείσεται
1178 2979 1332 3074 βαρυτέρα
1350 3007 1468 3073 προςα-

374 3097 606 3186 ναγιιάζουσα.·
615 3091 655 3155 Σύ
672 3125 722 3139 -
738 3090 818 3155 ἀλλά
853 3093 882 3154 τί
915 3087 962 3156 θεῖ
990 3091 1082 3156 πλείω
1109 3091 1222 3183 λέγειυ;
1245 3127 1294 3140 -
1312 3092 1349 3164 σὺ
1373 3095 1469 3157 τοίνυν

373 3211 445 3282 ίσως
469 3200 760 3294 ε’λεεινολογουμένης
781 3201 893 3277 ταύτης
918 3204 1005 3292 φείση
1025 3205 1076 3267 καὶ
1099 3207 1283 3292 καθυφήσεις
1305 3209 1358 3268 τοῦ
1381 3205 1469 3294 ἀγω-

373 3317 531 3405 νίσματος·
546 3313 614 3379 ἀλλ’
625 3310 702 3384 αὔτη
719 3313 816 3378 πολλά
830 3314 867 3377 ἀν
882 3315 1024 3404 πρότερον
1038 3317 1175 3379 πείσεται
1190 3315 1208 3385 ή
1223 3315 1361 3402 εὐμενοῦς
1374 3311 1471 3390 τεύξε·

373 3450 423 3494 ται
443 3435 499 3502 τής
522 3428 676 3516 ἀνοίγκης,
700 3420 737 3501 ής
753 3426 787 3489 τὸ
811 3425 931 3508 σθένος,
952 3429 994 3500 εἰς
1017 3422 1033 3489 ὅ
1054 3450 1082 3489 τι
1101 3428 1153 3489 καί
1171 3426 1276 3518 ρέψοι,
1297 3423 1468 3517 ἀδήριτον’.

407 3673 526 3725 'Plurale
547 3675 589 3724 διὰ
608 3679 686 3723 ταῦτα
710 3683 767 3737 ροσε
788 3671 910 3736 singulam
936 3670 990 3736 ipse
1000 3670 1080 3730 fallor,
1091 3685 1234 3736 comparare
1244 3670 1308 3721 hanc
1322 3687 1352 3721 ex
1363 3671 1472 3737 Areopa·

374 3752 530 3821 participium
549 3755 636 3817 ἀγνοῶν
654 3752 788 3800 illustretur
805 3766 835 3799 ex
855 3765 910 3799 mea
938 3751 1012 3815 gitico
1038 3750 1210 3800 sententiam:
1233 3750 1259 3809 οὔ
1286 3758 1354 3802 τοῦτο
1382 3761 1474 3818 πρῶτον

375 3844 432 3885 nota
445 3832 477 3881 ad
488 3832 659 3881 Aristaenetum
672 3846 698 3896 p.
709 3832 757 3879 436
766 3867 772 3888 ‚
781 3829 821 3878 ubi
832 3835 909 3878 ταῦτα
938 3833 1058 3887 ἐσκόπουν,
1068 3830 1100 3878 δι’
1111 3833 1141 3878 ὧν
1151 3833 1273 3879 κολοὶοονοι
1285 3835 1337 3886 τοὺς
1345 3831 1472 3892 ἀκοσμοῦν-

375 3912 407 3963 ιλο
426 3912 480 3961 sola
505 3911 661 3960 meretricum
683 3908 797 3968 ami-itia,
823 3905 910 3972 quibus
938 3929 989 3965 τοις.
1005 3909 1063 3957 Nam
1074 3916 1143 3959 τοῦτο
1156 3925 1205 3958 non
1218 3919 1256 3958 est
1265 3924 1310 3973 μτο
1323 3906 1474 3966 ταῦτα,εοί-

376 3985 911 4059 ἀνοίργυρονούδίνίστιπιθανὸν.ΕΙεολτιι80·
937 3988 995 4037 licet
1017 3990 1049 4037 δι’
1071 3993 1102 4038 ὧν
1121 3993 1182 4041 ιιολ..
1205 3987 1250 4036 sed
1273 3996 1310 4035 est
1337 4001 1383 4051 pro
1405 3991 1474 4034 τοῦτο

376 4068 472 4132 ρλιοελίε
487 4069 568 4134 poscit
584 4075 612 4118 τὸ
631 4073 713 4131 τεῦχος
734 4081 782 4131 quo
804 4065 910 4113 inclusos
938 4075 1048 4134 πρᾶγμα.
1061 4065 1092 4113 Et
1104 4066 1136 4114 ad
1149 4065 1244 4124 Nubes,
1255 4064 1313 4118 654,
1327 4066 1345 4111 ν
1358 4061 1399 4110 ubi
1412 4065 1475 4128 τρό-

376 4161 430 4197 οιιοο
444 4156 515 4211 putat
530 4145 612 4195 {ratris
626 4146 737 4201 cineres,
758 4153 830 4208 atque
847 4143 871 4190 id
885 4143 909 4190 in
938 4164 996 4213 τερα
1008 4147 1105 4202 τούτων,
1119 4143 1197 4192 relato
1209 4146 1297 4191 τούτων
1307 4139 1339 4188 ad
1348 4156 1423 4187 unum
1434 4144 1474 4188 20·-

377 4240 462 4275 mamm
472 4224 520 4289 ipsi
539 4223 601 4273 tradi
613 4223 682 4288 jubet
700 4224 813 4273 Orestes:
826 4222 851 4272 οὺ
865 4227 912 4288 γὰρ
938 4243 977 4287 γον
990 4229 1030 4272 τὸν
1040 4223 1197 4279 ἀδικώτατον,
1209 4221 1245 4268 vir
1255 4217 1386 4283 primarius
1395 4215 1475 4266 subti-

377 4308 406 4361 ίις
415 4300 454 4354 Ἐν
467 4304 588 4368 δνςμινείᾳ
601 4306 623 4365 γ’
636 4299 683 4353 ούο’
697 4305 832 4352 ἐπαιτεῖται
843 4303 910 4351 τάδε.
939 4303 985 4351 lior
999 4301 1073 4348 fuisse
1084 4299 1187 4348 videtur.

377 4382 421 4444 Qui
434 4381 502 4432 illam
516 4381 628 4448 syntaxin
640 4381 664 4430 in
677 4381 784 4431 Isocrate
800 4380 912 4429 animad-
972 4377 981 4405 ⁸
994 4378 1083 4429 similis
1093 4377 1173 4427 Nostri
1185 4376 1306 4427 sententia
1319 4375 1381 4425 nist.
1396 4374 1474 4424 Andr.

379 4472 483 4513 verterat
493 4461 605 4529 Comyus
620 4476 668 4509 non
687 4459 771 4510 debuit
785 4476 809 4523 μ.
822 4460 869 4513 λθ.
888 4459 912 4508 ni
942 4459 992 4508 Pal.
1008 4459 1038 4518 θ,
1051 4460 1095 4517 16,
1106 4474 1134 4525 p.
1147 4459 1192 4507 152
1207 4477 1213 4507 ε
1228 4463 1254 4508 το
1266 4463 1312 4524 γὰρ
1325 4467 1365 4514 τῆς
1375 4457 1475 4519 ἀνάγκης
