3684 5659
784 604 940 665 MEAETH
967 595 1017 666 E'.
1397 603 1444 673 83

346 737 464 830 τέροις,
483 738 525 815 ὡς
542 739 579 803 ἂν
602 744 761 827 πανταχοῦ
777 764 821 816 τις
839 737 932 813 εἰδείη
949 745 1030 828 ἡμεῖς
1046 737 1116 816 ἕξων
1133 740 1202 817 τοὺς
1221 744 1442 830 άντιστησομέ·

347 872 436 926 νονς,
455 848 492 920 ἢν
509 848 638 926 ἐκείνους
653 874 699 926 τις
713 845 831 917 άδικοῖ.

397 938 425 1023 ὁ
449 956 517 1046 μὲν.1
536 953 591 1025 οὖν
607 961 711 1051 παρὼν
732 961 837 1054 ιιαιρδς
855 952 940 1037 οὗτὸς
959 962 975 1026 ὁ
992 962 1066 1053 πρὸς
1083 961 1211 1052 ἑσπέραν
1230 962 1376 1053 ἀγγελίαν
1391 961 1444 1051 μὲν

348 1075 413 1158 ἔχει
431 1078 535 1135 κακῶν
552 1073 602 1136 καί
619 1073 771 1163 μεγάλων,
786 1074 827 1149 ὡς
845 1053 980 1137 θλάτεια
997 1069 1225 1156 κατείληπταθ,
1247 1073 1394 1164 συγκαλεῖ
1409 1071 1444 1143 δὲ

346 1183 431 1268 ἡμᾶς
447 1183 557 1272 ἀθρόον
575 1185 618 1257 είς
633 1179 858 1275 βουλευτήριον,
881 1184 921 1259 ὡς
938 1179 1087 1254 ἀδόκητον
1104 1187 1181 1272 ἔχων
1198 1185 1306 1248 κακόν.

394 1294 457 1381 ,Καί
477 1288 516 1363 δίι
530 1295 640 1369 πάντες
656 1292 710 1380 μὲν
722 1296 796 1386 πρὸς
808 1296 861 1366 τὴν
875 1289 973 1364 δεινίιν
987 1293 1097 1365 ταύτην
1115 1294 1260 1384 ἀγγελίαν
1276 1296 1441 1380 τεθήπασι,

348 1403 402 1468 καί
417 1398 517 1479 οὐδεὶς
531 1401 610 1480 θςτις
624 1405 666 1490 μὴ
685 1406 782 1475 κακὴν
796 1405 874 1496 λέγει
891 1404 1003 1475 ταύτην
1019 1406 1071 1469 καί
1089 1413 1153 1479 τοῖς
1170 1413 1280 1479 κοινοῖς
1297 1403 1440 1496 ὀλέθριον,

346 1514 401 1579 καί
430 1513 472 1588 ὡς
496 1512 628 1601 πολέμου
655 1509 702 1579 δεῖ
726 1515 799 1605 πρὸς
823 1513 934 1578 ἐκεῖνον
959 1516 1029 1600 ἡμῖν
1037 1560 1047 1598 ,
1074 1517 1126 1578 καὶ
1151 1514 1192 1588 ὡς
1215 1512 1269 1578 οὐκ
1290 1513 1389 1589 ἄλλως
1411 1514 1444 1579 δν

348 1621 444 1695 αὐτὴν
466 1624 519 1688 καί
541 1623 632 1689 πάλιν
651 1634 715 1700 τοῖς
737 1624 892 1715 ἡμετέροις
909 1623 1186 1691 ἐπανασώσασθαι·
1208 1625 1273 1713 περὶ
1298 1620 1327 1688 δ’
1350 1623 1443 1689 αὐτοῦ

348 1733 421 1798 πότε
437 1734 491 1798 καί
508 1741 573 1810 πῶς
593 1735 665 1822 ἡμῖν
682 1731 791 1810 ἐξιτέον
806 1738 848 1811 είς
862 1735 1005 1821 πόλεμον,
1025 1737 1082 1799 εἰσί
1101 1734 1154 1822 μέν
1166 1758 1242 1810 τινες
1258 1742 1317 1798 τῶν
1334 1727 1394 1799 ὧδε
1416 1735 1444 1799 οἳ

347 1842 424 1934 πρὸς
438 1841 509 1919 τοὺς
525 1843 635 1920 ἄλλους
657 1843 880 1936 άμρισθητοίισι
890 1892 900 1930 ,
920 1846 1009 1932 νόμον
1027 1848 1226 1935 προτείνοντες
1243 1846 1283 1920 ὡς
1302 1845 1331 1910 ἐν
1348 1847 1444 1937 τρισίν

348 1951 477 2043 ἡμέραις
494 1949 541 2019 δεῖ
557 1950 756 2038 βουλεύεσθαι
772 1952 842 2032 τοὺς
858 1956 984 2032 πολίτας
1000 1958 1066 2047 περὶ
1084 1962 1137 2021 τοῦ
1154 1957 1299 2043 πολέμου.
1319 1956 1377 2020 Διδι
1393 1958 1440 2033 τίς

349 2061 396 2129 ὅτι
411 2060 540 2140 ἕκαστος
554 2067 652 2152 ἡμῶν,
666 2062 804 2142 εὐδοξίας
815 2070 919 2159 χάριν,
935 2075 988 2143 τῆς
1001 2070 1085 2143 νίκης
1100 2067 1226 2158 ἐφίεται,
1242 2067 1294 2132 καί
1310 2063 1443 2151 βούλοιτ’

348 2178 402 2258 ἄν,
433 2174 507 2265 πρὸς
532 2176 756 2266 ἀνταγωνιστὴν
783 2178 907 2269 ἰσχυρὸν
933 2170 1040 2266 ἔχων’,
1071 2173 1137 2241 εἶτα
1164 2185 1267 2262 νικᾷν,
1300 2183 1339 2260 ἥ,
1370 2177 1444 2266 πρὸς

348 2286 463 2356 ἀσθενῆ
479 2287 531 2351 καί
548 2290 601 2351 τοῦ
614 2283 741 2374 μηδενὸς
758 2283 842 2363 άξιον
858 2287 1010 2375 πολεμῶν,
1025 2297 1183 2379 περιεῖναι.
1202 2288 1242 2351 Τὸ
1258 2285 1311 2374 μὲν
1325 2279 1376 2351 οὖν
1391 2282 1445 2351 διά

348 2393 463 2460 τούτων
483 2396 657 2490 προτρέπειν
678 2400 761 2486 ἡμᾶς
783 2394 891 2474 ἐξιέναι
915 2396 1102 2488 θαρρούντως
1118 2399 1170 2461 καὶ
1190 2399 1313 2484 τάχιον,
1332 2395 1386 2460 οὐκ
1407 2397 1444 2461 ἂν

348 2507 419 2593 ίχοε
433 2503 540 2596 λόγον·
561 2504 633 2573 άδὲ
653 2509 705 2574 καί
723 2510 820 2599 χωρίς
836 2507 949 2573 τούτων
970 2510 1011 2571 ἔνι
1029 2506 1191 2598 λέγεινκαὶ
1211 2505 1383 2596 προτρέπειν
1402 2509 1444 2582 είς
1471 2515 1473 2522 ’

349 2616 403 2686 τὴν
423 2614 494 2680 κατ’
517 2616 632 2708 ἐχθρῶν
654 2613 769 2701 ἔξοδον,
793 2616 880 2682 ταῦτ’
906 2623 979 2682 είπω
997 2618 1048 2682 καί
1069 2618 1253 2706 πειράσομαι
1272 2611 1326 2679 διά
1343 2614 1445 2691 τέλους

350 2721 524 2803 διεξελθεῖν.

400 2818 474 2929 Ιθγὼ
495 2839 625 2925 νομίζω,
652 2846 679 2903 εί
697 2862 743 2914 τις
763 2837 832 2926 ὑμῖν
855 2841 889 2905 τὸ
907 2848 1045 2904 συνοῖσον
1064 2840 1226 2929 προθήσέι,
1250 2840 1302 2901 καί
1321 2839 1444 2929 φανερὸν

349 2952 439 3013 τοῦτο
464 2957 501 3037 τῇ
526 2948 611 3014 πόλει
636 2948 772 3040 γε’νοιτο,
798 2952 863 3015 άντί
890 2949 1006 3014 πολλῶν
1033 2949 1070 3013 διν
1097 2950 1263 3041 χρημάτων
1287 2945 1441 3034 έλέσθαά,

350 3053 426 3146 μηδ’
449 3057 551 3124 αὐτῶν
573 3055 764 3150 φειδομένους
790 3063 939 3148 σωμάτων
958 3061 1032 3150 πρὸς
1052 3061 1086 3125 τὸ
1106 3058 1256 3147 ἐπιτυχεῖν
1274 3059 1295 3123 ά
1313 3061 1444 3123 συνοίσει

350 3166 506 3258 τῇπόλει,
524 3168 583 3233 κάν
601 3164 720 3260 ἐργώδη
736 3172 788 3235 καὶ
808 3170 930 3258 χαλεπά
946 3165 980 3260 ᾗ.
999 3147 1055 3234 (δτι
1074 3165 1108 3233 δὲ
1131 3167 1218 3233 ταῦθ’
1243 3165 1337 3244 οὕτως
1359 3171 1441 3256 ἔχει,

351 3278 388 3344 οὐ
409 3282 544 3367 μάντεως
570 3275 635 3363 δεῖ,
664 3275 735 3345 οὐδὲ
758 3289 970 3369 στοχαστικῶς
997 3280 1090 3372 λέγω·
1119 3279 1199 3344 ἀλλὰ
1221 3278 1291 3344 καθ’
1316 3279 1445 3349 ἑκάστην

352 3391 413 3483 ὁρῶ
430 3392 483 3456 καί
500 3386 595 3478 δῆμον
608 3390 851 3481 συγκαλούμενον
868 3393 920 3457 καί
938 3394 1068 3482 ῥήτορας
1086 3390 1245 3479 λέγοντας,
1262 3390 1314 3452 καί
1331 3385 1445 3470 βουλάς

352 3498 575 3593 προθαινοιίσας
595 3502 647 3566 καί
670 3498 810 3591 πράξεις,
830 3501 885 3566 οὐκ
902 3502 996 3567 ἄλλον
1016 3504 1106 3592 χάριν
1122 3501 1141 3571 ἢ
1159 3505 1213 3564 τοῦ
1230 3497 1441 3588 συμφέροντος.

353 3610 412 3675 Καὶ
441 3616 522 3703 είπερ
546 3634 610 3696 τις,
633 3610 653 3682 ἢ
681 3610 746 3686 θεὸς
764 3607 795 3687 ἐξ
814 3589 977 3698 ὀλύμπου,
1002 3610 1021 3680 ἢ
1046 3610 1146 3674 θεόθεν
1169 3613 1247 3698 ἔχων
1269 3610 1303 3673 τὸ
1329 3606 1442 3698 λέγειν,

353 3720 515 3810 παραστὰς
533 3725 649 3813 αίρεσιν
666 3717 735 3807 ὑμῖν
752 3715 856 3784 ε’δίδον
876 3718 977 3813 πότερ’
996 3720 1033 3784 ἂν
1050 3714 1268 3795 καταδέξοισθε
1284 3726 1446 3804 συμπεσεῖν

388 3941 504 3993 'Schola
515 3943 623 4011 δεύτερου
633 3949 765 4010 προοίμιον.
914 3941 973 3990 rius.
986 3941 1098 3990 Fortasse
1112 3940 1241 4003 legendum
1254 3945 1362 4004 πολεμεῖν
1375 3939 1444 4001 ἔχων,

386 4019 534 4086 'Expressit
550 4021 630 4087 ipsum
644 4019 832 4070 Demosthenem
853 4019 887 4068 De
914 4021 974 4084 ἔχων
993 4023 1082 4084 ἀγῶνα.
1097 4018 1129 4066 Et
1144 4018 1237 4083 ellipsis
1253 4028 1291 4067 eet
1308 4017 1379 4064 solita
1398 4014 1447 4064 ad-

353 4097 436 4166 oinus
446 4100 478 4150 53
491 4119 498 4150 τ
512 4103 598 4168 ίσπίρα
607 4105 650 4164 μέν
662 4105 707 4167 γὰρ
716 4097 752 4156 ἦν·
761 4102 801 4156 ἧκε
813 4099 834 4148 δ’
843 4099 887 4161 ἀγ·
914 4097 990 4147 verbii
1003 4101 1101 4161 μᾶλλον.

353 4179 439 4243 γε’λλοιν
450 4200 487 4237 τις
499 4183 531 4237 ὣς
540 4184 593 4237 τοὺς
603 4184 728 4247 πρυτάνεις
736 4182 767 4236 ὡς
776 4173 886 4229 Ἐλάτεια
947 4174 958 4201 ⁴
970 4173 1145 4224 Demosthenes
1158 4173 1227 4222 initio
1246 4172 1397 4237 Olynthiaeae
1417 4177 1427 4223 1
1439 4196 1445 4226 ι

353 4261 522 4315 κατείληπται.
552 4257 587 4307 De
615 4256 699 4307 Elates
720 4256 830 4306 Bromius
856 4255 887 4305 ad
913 4255 968 4305 ἄντί
982 4257 1072 4303 πολλῶν
1083 4249 1186 4312 άν,ὦά.
1196 4247 1376 4319 Ἇ.,χρημοίτων
1386 4254 1449 4320 ὑμᾶς

353 4333 885 4401 Phil.1,§14;Voemel.adPhil.11,p.22.
914 4336 1006 4383 ἑλίσθοιι
1030 4338 1131 4395 νομίζω,
1147 4332 1169 4380 εἰ
1189 4338 1286 4398 φανερὸν
1303 4338 1394 4396 γίνοιτο
1419 4340 1449 4383 τὸ

386 4412 454 4463 ‘Sic
472 4413 559 4466 codex.
577 4413 663 4464 omisit
681 4412 792 4463 nonnihil
807 4411 887 4462 libra·
913 4416 995 4475 μίλλον
1004 4417 1113 4461 συνοίσειν
1127 4420 1157 4476 τῇ
1167 4413 1243 4460 πόλει.
