3684 5659
443 582 491 653 94
780 593 815 650 Γ.
844 591 918 651 ΤΟΥ
943 588 1197 652 ΠΑΧΥΜΕΡΟΥΣ

493 707 533 801 ίλς
553 721 586 789 δὲ
608 726 659 795 καὶ
678 732 715 814 τῇ
733 721 879 816 ὑστεραίᾳ
898 727 951 795 καί
970 726 1036 814 περὶ
1055 723 1150 817 γέρως
1168 727 1187 798 ἡ
1206 723 1313 811 σκέψις
1330 720 1379 813 ἦν,
1399 727 1453 792 καί
1471 722 1533 793 ἔθει

443 836 493 900 τὸν
506 835 632 926 ἀριστέα
651 836 820 911 ζητεῖνὸτι
836 837 870 901 τὸ
887 820 980 928 γέρας
997 833 1157 921 βούλοιτο,
1172 835 1322 928 ἐρωτᾶται
1336 831 1390 902 διὰ
1401 843 1455 905 τοῦ
1473 842 1533 910 κή-

443 971 533 1038 ρυκος
552 948 567 1012 ὁ
584 947 658 1023 τέως
677 946 833 1039 εὐεργέτης
847 956 900 1024 τῆς
916 946 1031 1023 πόλεως
1043 949 1111 1012 τίνα
1125 947 1202 1012 θέλει
1220 949 1273 1018 τήν
1291 943 1422 1039 δωρεάν,
1436 951 1491 1015 καί
1509 952 1535 1016 εί

444 1057 602 1150 στέφανον,
624 1058 642 1129 ἢ
664 1056 841 1150 θρίαμθονί,
860 1058 880 1130 ἢ
897 1058 1022 1142 στήλην,
1041 1058 1060 1129 ἢ
1083 1060 1135 1124 καί
1154 1057 1201 1124 ἐπὶ
1219 1061 1398 1149 πρυτανείου
1417 1063 1536 1134 σίτησιν

445 1166 661 1260 καταθέχοιτο·
681 1173 707 1235 εί
730 1161 759 1234 θ’
786 1162 850 1254 οὖν,
870 1159 938 1235 ἀλλ’
964 1172 1056 1235 εἰπεῖν
1073 1171 1103 1233 τί
1124 1170 1159 1235 τὸ
1184 1166 1339 1258 βούλευμοί
1360 1171 1387 1235 οἱ
1410 1172 1465 1236 καί
1490 1173 1536 1249 τίς

445 1277 460 1341 ὁ
479 1279 591 1356 σκοπὸς
606 1280 815 1372 προτρέπεται.

494 1392 553 1454 Καί
571 1397 669 1457 ταῦτα
684 1390 736 1480 μὲν
749 1393 767 1463 η
780 1391 866 1468 πόλις
880 1386 934 1456 διὰ
949 1396 1002 1457 τοῦ
1015 1394 1158 1483 κήρυκος·
1176 1391 1192 1456 ὁ
1207 1385 1242 1456 δέ
1250 1425 1299 1438 -
1311 1383 1379 1458 ἀλλ’
1393 1385 1457 1459 ὥ’ί
1472 1402 1537 1470 πῶς

445 1507 537 1582 εἴπω;
557 1511 622 1579 πῶς
643 1503 815 1595 ἀναγγείλω
839 1503 891 1574 τὴν
912 1509 1032 1576 αἴτησιν
1039 1523 1050 1584 ;
1070 1537 1117 1549 -
1137 1501 1271 1592 ἐπισχὼν
1293 1505 1402 1596 χρόνον
1418 1504 1534 1596 ὀλίγον,
1568 1576 1570 1580 ,

445 1615 497 1677 καί
516 1612 628 1704 τρίψας
640 1614 694 1686 τὴν
706 1613 850 1707 κεφαλήν,
869 1616 953 1678 κοίτω
969 1638 1002 1679 τε
1017 1614 1122 1691 κλίνας
1133 1615 1168 1679 τὸ
1182 1620 1267 1702 ὄμμα
1284 1608 1368 1705 (ᾔδει
1383 1615 1445 1708 γὰρ
1462 1623 1538 1693 ἴσως

445 1720 565 1815 βαρέως
578 1721 698 1801 ἕξοντας
714 1723 784 1801 τοὺς
798 1719 1026 1815 ἀκούσαντας),
1041 1721 1178 1816 παριδὼν
1194 1728 1313 1811 πάντα,
1333 1727 1387 1792 καί
1407 1725 1535 1812 τούτων,

446 1833 486 1910 ὡς
499 1840 536 1900 οἴν
552 1859 597 1910 τις
613 1841 708 1914 εἴποι,
726 1837 912 1928 σμικρότητα
924 1836 1112 1926 καταγνούς,
1127 1836 1264 1916 πολίτην,
1280 1831 1304 1903 ὦ
1318 1831 1390 1902 Zeia!
1405 1841 1538 1905 αἰτεῖται

446 1947 519 2035 πρὸς
536 1947 633 2038 φόνον·
655 1946 687 2013 ὃν
704 1950 728 2011 εἰ
747 1944 910 2033 δημοτικὸν
927 1948 980 2012 καί
996 1949 1097 2012 εὔνουν
1113 1947 1231 2039 λέγοιμι
1247 1957 1284 2038 τῇ
1298 1944 1444 2041 πατρίδι,
1463 1956 1540 2026 ἴσως

447 2054 501 2119 οὐκ
527 2058 787 2146 ἀπιστηθήσομαι.
813 2038 938 2149 Ᾰνοίγκη
961 2061 1124 2172 γάρ,θτοῦ
1142 2063 1242 2124 κοινοῦ
1266 2059 1368 2136 καλῶς
1393 2063 1537 2149 ἔχοντος,

445 2165 538 2232 καλὸν
559 2163 705 2232 εἶναικαὶ
725 2169 775 2234 τὸν
793 2159 863 2233 καθ’
884 2166 1015 2235 ἕκαστα.
1035 2175 1127 2258 Ομως
1149 2195 1184 2262 γε
1207 2173 1278 2258 μήν,
1298 2171 1355 2236 κᾶν
1373 2171 1539 2250 ὁποῖόςτις

446 2273 495 2358 ἦν,
509 2268 577 2343 ἀλλ’
595 2270 644 2343 οὖν
661 2279 784 2355 πολίτης
800 2277 925 2350 ἠκούετο
938 2279 1072 2365 πόλεως,
1085 2275 1121 2357 ἧς
1139 2280 1173 2345 ἐκ
1188 2280 1299 2347 πολλοῦ
1314 2282 1349 2346 τὸ
1362 2284 1539 2373 τυραννικὸν

445 2394 533 2454 τοῦτο
550 2392 602 2454 καί
617 2389 728 2467 ἀπηνὲς
741 2391 912 2478 ἀπῴκιστο.

495 2500 592 2577 Εὐθὺς
609 2504 706 2568 τοίνυν
723 2504 796 2595 πρὸς
812 2508 926 2584 ταῦτα,
942 2501 958 2566 θ
975 2497 1013 2573 δὴ
1031 2504 1083 2567 καί
1104 2500 1209 2594 ἐχρῆν,
1225 2502 1329 2594 γέγονε
1346 2495 1421 2597 παρ’
1440 2490 1537 2592 ὑμῶν,

446 2615 498 2676 καί
516 2616 632 2690 πάντας
650 2613 771 2680 ἔθλεπον
790 2613 1055 2703 ἀπεχθανομένους
1070 2615 1123 2680 καί
1144 2614 1389 2702 μυσαττομένους
1405 2616 1441 2682 τὸ
1459 2613 1539 2701 βού-

446 2722 549 2812 λημα,
573 2726 625 2790 καί
648 2722 729 2818 βαρὺ
753 2725 943 2813 τιθεμένους,
967 2727 993 2789 εἴ
1018 2720 1184 2816 βαρῖοίρωυ
1208 2726 1350 2817 φυγόντες
1374 2727 1537 2818 ὠμότητα,

447 3015 522 3066 tentia
535 3016 593 3067 Cor.
612 3015 642 3065 53
654 3034 660 3064 ι
674 3019 786 3075 natatem
797 3028 839 3075 τῆς
851 3028 927 3075 κοινῆς
937 3029 979 3077 τῆς
1006 3021 1137 3076 λοιὸτητοςῖ
1146 3031 1238 3082 ponere
1249 3014 1414 3083 typographus
1422 3036 1430 3079 ς
1439 3031 1497 3067 nam
1505 3025 1541 3066 ta·

446 3096 561 3164 πατρίδος
576 3105 693 3164 ρων-ης...
706 3098 732 3153 ἣν
746 3103 792 3163 γὰρ
806 3101 900 3166 ίκηρυξ
918 3104 980 3148 κατὰ
1005 3098 1038 3148 iia
1047 3113 1160 3162 magnum
1170 3106 1266 3162 poetam
1277 3111 1325 3146 non
1337 3095 1479 3147 sollicitant.
1490 3094 1541 3145 Sed

447 3179 498 3231 τοὺς
511 3178 592 3238 νόμους
604 3182 678 3242 φωνὴν
690 3176 787 3242 ἀφίησι,
801 3177 890 3231 ταύτην
902 3182 980 3232 κοινὴν
1005 3175 1046 3224 uix
1059 3175 1161 3225 credere
1174 3190 1238 3243 queo
1254 3174 1376 3224 exstitisse
1389 3185 1541 3240 poetastrum

447 3263 489 3310 τῆς
504 3253 619 3321 πατρίδος
631 3253 720 3302 δίκαιόν
732 3253 793 3302 ἔστιν
804 3257 919 3314 ἡγεῖσθαι.
1006 3254 1105 3303 stultum
1117 3255 1179 3305 adeo
1191 3264 1216 3303 et
1230 3252 1383 3313 cacozeium,
1394 3264 1423 3302 ut
1437 3251 1542 3302 sanota-

481 3330 528 3380 ⁴Et
536 3330 598 3379 inira
606 3346 631 3396 p.
642 3332 727 3391 tots:
736 3334 758 3380 οἱ
766 3335 863 3381 πολῖται
872 3336 981 3398 λαμπρὸν
1006 3332 1103 3393 mandi,
1115 3348 1188 3398 quem
1198 3332 1248 3397 jam
1260 3330 1380 3380 Boiiavius
1389 3330 1486 3391 secuit,
1497 3345 1542 3394 pu·

446 3417 486 3461 τοι
496 3413 609 3476 θρίοηοδον
617 3411 706 3469 ἄξουσι.
718 3410 877 3461 Declamatori
886 3446 893 3471 ,
903 3409 944 3474 qni
954 3423 981 3458 se
1007 3411 1069 3460 tidas
1079 3411 1215 3470 imitaretur
1223 3408 1341 3475 ineptias:
1354 3427 1366 3453 ι
1377 3408 1489 3459 N'imites
1497 3422 1541 3474 pas

447 3487 517 3554 tingit
541 3502 595 3538 esse
621 3489 810 3549 Atheniensem,
841 3487 981 3538 evitandum
1007 3486 1541 3552 oefmqui,deerivantiesmers‚Et.pei-

446 3566 491 3615 tun
507 3565 649 3616 vocabulum
670 3570 797 3634 θρίαμθος,
815 3576 843 3615 ut
862 3575 887 3614 et
907 3565 981 3615 modo
1007 3575 1082 3629 gnant
1095 3583 1126 3614 au
1142 3566 1226 3616 mitien
1238 3566 1270 3615 de
1282 3566 1347 3616 leurs
1361 3564 1415 3615 ssots
1429 3565 1543 3615 entr’ou-

447 3644 616 3694 Britannorum
631 3645 762 3694 montinac
773 3647 981 3705 Sauromatarum,
1007 3653 1072 3693 verts
1088 3644 1213 3695 L'iiebreu
1232 3645 1306 3695 saure
1325 3645 1359 3694 du
1373 3643 1434 3709 joug
1452 3643 1486 3694 do
1502 3658 1543 3695 ses

449 3732 473 3770 et
485 3721 609 3771 dictatoris
623 3723 727 3781 romani,
738 3740 763 3788 p.
777 3723 818 3771 64.
1007 3721 1108 3786 injustos
1128 3723 1242 3785 moines,
1264 3723 1326 3782 ties,
1348 3738 1412 3788 poor
1430 3722 1467 3772 ies
1490 3723 1543 3773 roir

482 3798 492 3824 ¹
505 3799 603 3857 Codex,
614 3798 641 3849 ὦ.
656 3801 831 3851 Demosthenes
840 3799 875 3850 De
887 3799 980 3866 Symm.
1007 3816 1102 3865 passer,
1111 3800 1147 3851 ies
1156 3801 1268 3864 poissons
1277 3790 1327 3851 aux
1339 3800 1479 3859 ienetresm
1489 3807 1543 3859 τοὺς

447 3879 505 3944 §12
520 3900 527 3929 :
542 3879 560 3928 ὦ
574 3886 631 3947 πρὸς
645 3886 686 3929 τοῦ
698 3885 763 3939 Διός,
779 3881 867 3937 οἴεσθες
883 3878 982 3939 statim,
1010 3881 1075 3943 ἰχθὺς
1089 3886 1136 3930 στὰ
1151 3878 1212 3948 ὑγρὰ
1232 3884 1358 3948 παράθυροί
1368 3898 1425 3928 των.
1438 3875 1544 3928 Ridicu-

448 3963 467 4009 ὣ
489 3966 547 4028 πρὸς
571 3965 611 4009 τοῦ
628 3961 693 4015 Διόςῑ
717 3960 781 4009 οἴ...
802 3957 873 4007 Alex.
896 3956 982 4006 Sutsus
1008 3957 1045 4007 ins
1065 3957 1109 4007 fuit
1125 3957 1180 4023 pius
1196 3958 1271 4007 nimio
1285 3959 1397 4008 Cercaeus
1414 3957 1541 4022 Loyoiita.

449 4038 558 4104 Epistola
578 4037 609 4087 ad
627 4037 760 4094 Othonem.
774 4035 882 4086 mordaci
903 4035 982 4086 insui·
1009 4036 1065 4101 qni,
1076 4047 1159 4102 spreto
1172 4036 1273 4086 Boiiavii
1283 4036 1375 4097 edicto,
1385 4036 1421 4086 sie
1432 4035 1492 4086 insit
1502 4037 1543 4086 in·

449 4134 501 4166 sum
516 4116 579 4181 regis
600 4115 750 4166 laudatorem
770 4115 820 4165 saio
837 4113 980 4165 deiricansz
1008 4113 1088 4180 sipide
1108 4133 1114 4164 ι
1139 4114 1235 4166 «Vnus
1254 4129 1357 4181 pourrez
1375 4113 1483 4180 precher
1507 4115 1543 4164 ies

448 4203 497 4244 Καί
513 4194 540 4258 (ὦ
554 4207 595 4253 τῆς
611 4194 766 4259 γελοιότητος)
784 4196 825 4245 διὰ
838 4195 982 4246 raritatem
1008 4193 1135 4258 pensons,
1153 4193 1213 4255 Qui,
1225 4193 1337 4243 reueitles
1352 4208 1399 4258 par
1415 4209 1459 4243 ros
1478 4193 1542 4243 doux

449 4280 497 4329 Τὰς
517 4275 626 4332 Ναϊὰθας
649 4280 696 4324 στὰ
716 4276 803 4324 κλαδιοῖ
822 4284 867 4323 τῶν
884 4274 983 4339 δένδρων
1008 4286 1080 4329 sons,
1103 4271 1134 4321 Et
1154 4270 1254 4321 curieux
1273 4270 1304 4321 de
1323 4287 1382 4321 vous
1401 4273 1541 4327 connititro,

452 4353 572 4412 ἀνεῖάςει,
596 4359 643 4401 ttat
659 4358 712 4410 τοὺς
731 4355 836 4421 δελφῖνας
856 4357 902 4402 στα
922 4351 984 4419 ὑγρὰ
1010 4350 1073 4400 Pour
1085 4352 1166 4400 miens
1177 4349 1295 4400 entendre
1308 4365 1352 4400 uos
1364 4350 1465 4410 teoons,
1479 4351 1542 4401 tiet-

451 4435 576 4498 παραίθυροί
589 4450 634 4481 των
649 4436 738 4499 κράζει.
757 4431 875 4483 nabunt»
891 4440 933 4488 τῆς
944 4449 985 4498 με·
1009 4437 1075 4478 tront
1088 4427 1112 4479 lu
1124 4428 1196 4479 ῑθῑθὲ
1210 4428 1234 4479 lts
1245 4427 1339 4479 fentitre
1350 4447 1373 4478 s.
