<?xml version="1.0" encoding="UTF-8"?>
<!DOCTYPE html PUBLIC "-//W3C//DTD XHTML 1.0 Transitional//EN"
    "http://www.w3.org/TR/xhtml1/DTD/xhtml1-transitional.dtd">
<html xmlns="http://www.w3.org/1999/xhtml" xml:lang="en" lang="en">
 <head>
  <title>
</title>
<meta http-equiv="Content-Type" content="text/html;charset=utf-8" />
  <meta name='ocr-system' content='tesseract 3.04.00' />
  <meta name='ocr-capabilities' content='ocr_page ocr_carea ocr_par ocr_line ocrx_word'/>
</head>
<body>
  <div class='ocr_page' id='page_1' title='image "./gpachymerisdecl00hiergoog_0207.png"; bbox 0 0 3684 5659; ppageno 0'>
   <div class='ocr_carea' id='block_1_1' title="bbox 324 616 1470 3400">
    <p class='ocr_par' dir='ltr' id='par_1_1' title="bbox 324 616 1467 1292">
     <span class='ocr_line' id='line_1_1' title="bbox 741 616 1467 694; baseline 0.011 -8"><span class='ocrx_word' id='word_1_1' title='bbox 741 659 745 668; x_wconf 34' lang='grc' dir='ltr'><strong>Δ</strong></span> <span class='ocrx_word' id='word_1_2' title='bbox 809 624 966 687; x_wconf 80' lang='grc' dir='ltr'><strong>ΜΕΛΕΤΗ</strong></span> <span class='ocrx_word' id='word_1_3' title='bbox 991 616 1037 687; x_wconf 69' lang='lat' dir='ltr'>O&#39;.</span> <span class='ocrx_word' id='word_1_4' title='bbox 1398 624 1467 694; x_wconf 70' lang='grc'>183</span> 
     </span>
     <span class='ocr_line' id='line_1_2' title="bbox 370 739 1466 853; baseline 0.003 -27"><span class='ocrx_word' id='word_1_5' title='bbox 370 764 447 837; x_wconf 86' lang='grc' dir='ltr'>καί,</span> <span class='ocrx_word' id='word_1_6' title='bbox 469 766 578 851; x_wconf 88' lang='grc' dir='ltr'>φοιτῶν</span> <span class='ocrx_word' id='word_1_7' title='bbox 598 757 628 833; x_wconf 85' lang='grc' dir='ltr'>ἐς</span> <span class='ocrx_word' id='word_1_8' title='bbox 650 757 862 849; x_wconf 71' lang='grc' dir='ltr'>νομοτριόῶν“,</span> <span class='ocrx_word' id='word_1_9' title='bbox 886 763 1047 846; x_wconf 81' lang='grc' dir='ltr'>μανθάνεις</span> <span class='ocrx_word' id='word_1_10' title='bbox 1068 762 1156 847; x_wconf 88' lang='grc' dir='ltr'>νόμον</span> <span class='ocrx_word' id='word_1_11' title='bbox 1179 761 1354 853; x_wconf 72' lang='grc' dir='ltr'>άκρίθειαν;</span> <span class='ocrx_word' id='word_1_12' title='bbox 1380 739 1406 827; x_wconf 76' lang='lat' dir='ltr'>li</span> <span class='ocrx_word' id='word_1_13' title='bbox 1429 765 1466 830; x_wconf 89' lang='grc' dir='ltr'>σύ</span> 
     </span>
     <span class='ocr_line' id='line_1_3' title="bbox 370 864 1466 965; baseline 0.003 -30"><span class='ocrx_word' id='word_1_14' title='bbox 370 870 425 959; x_wconf 82' lang='grc' dir='ltr'>μὲν</span> <span class='ocrx_word' id='word_1_15' title='bbox 441 866 592 946; x_wconf 79' lang='grc' dir='ltr'><em>ἐξελάσεις</em></span> <span class='ocrx_word' id='word_1_16' title='bbox 609 874 662 934; x_wconf 85' lang='grc' dir='ltr'>τοῦ</span> <span class='ocrx_word' id='word_1_17' title='bbox 679 864 854 960; x_wconf 78' lang='grc' dir='ltr'>συνεδρίου,</span> <span class='ocrx_word' id='word_1_18' title='bbox 874 866 951 933; x_wconf 75' lang='grc' dir='ltr'>οὕτω</span> <span class='ocrx_word' id='word_1_19' title='bbox 968 865 1060 946; x_wconf 85' lang='grc' dir='ltr'>δόξαν</span> <span class='ocrx_word' id='word_1_20' title='bbox 1073 873 1139 954; x_wconf 89' lang='grc' dir='ltr'>σοί,</span> <span class='ocrx_word' id='word_1_21' title='bbox 1158 872 1207 935; x_wconf 87' lang='grc' dir='ltr'>τὸν</span> <span class='ocrx_word' id='word_1_22' title='bbox 1223 871 1268 937; x_wconf 85' lang='grc' dir='ltr'>ε’πί</span> <span class='ocrx_word' id='word_1_23' title='bbox 1288 879 1394 964; x_wconf 81' lang='grc' dir='ltr'>καιροῦ</span> <span class='ocrx_word' id='word_1_24' title='bbox 1410 898 1466 965; x_wconf 88' lang='grc' dir='ltr'>φα-</span> 
     </span>
     <span class='ocr_line' id='line_1_4' title="bbox 324 976 1467 1075; baseline 0.003 -28"><span class='ocrx_word' id='word_1_25' title='bbox 324 1054 326 1061; x_wconf 42' lang='grc'>,</span> <span class='ocrx_word' id='word_1_26' title='bbox 370 981 460 1049; x_wconf 85' lang='grc' dir='ltr'>νέντα</span> <span class='ocrx_word' id='word_1_27' title='bbox 481 988 519 1070; x_wconf 75' lang='grc' dir='ltr'>τῇ</span> <span class='ocrx_word' id='word_1_28' title='bbox 538 980 622 1046; x_wconf 87' lang='grc' dir='ltr'>πόλει</span> <span class='ocrx_word' id='word_1_29' title='bbox 645 982 808 1071; x_wconf 78' lang='grc' dir='ltr'>χρήσιμον,</span> <span class='ocrx_word' id='word_1_30' title='bbox 830 987 902 1044; x_wconf 84' lang='grc' dir='ltr'>εἴπω</span> <span class='ocrx_word' id='word_1_31' title='bbox 922 976 957 1044; x_wconf 88' lang='grc' dir='ltr'>δέ</span> <span class='ocrx_word' id='word_1_32' title='bbox 973 1006 1008 1072; x_wconf 88' lang='grc' dir='ltr'>γε</span> <span class='ocrx_word' id='word_1_33' title='bbox 1026 983 1077 1046; x_wconf 86' lang='grc' dir='ltr'>καῖ</span> <span class='ocrx_word' id='word_1_34' title='bbox 1101 984 1321 1072; x_wconf 83' lang='grc' dir='ltr'>φανησόμενον;</span> <span class='ocrx_word' id='word_1_35' title='bbox 1349 984 1409 1075; x_wconf 85' lang='grc' dir='ltr'>ἐγὼ</span> <span class='ocrx_word' id='word_1_36' title='bbox 1434 983 1467 1051; x_wconf 81' lang='grc' dir='ltr'>δὲ</span> 
     </span>
     <span class='ocr_line' id='line_1_5' title="bbox 371 1088 1467 1182; baseline 0.002 -23"><span class='ocrx_word' id='word_1_37' title='bbox 371 1093 432 1182; x_wconf 78' lang='grc' dir='ltr'>οὐχ</span> <span class='ocrx_word' id='word_1_38' title='bbox 453 1088 511 1169; x_wconf 74' lang='grc' dir='ltr'>ἔξω</span> <span class='ocrx_word' id='word_1_39' title='bbox 531 1092 693 1182; x_wconf 81' lang='grc' dir='ltr'>προτείνειν</span> <span class='ocrx_word' id='word_1_40' title='bbox 713 1090 752 1153; x_wconf 84' lang='grc' dir='ltr'>τά</span> <span class='ocrx_word' id='word_1_41' title='bbox 774 1088 865 1176; x_wconf 84' lang='grc' dir='ltr'>ὅμοια</span> <span class='ocrx_word' id='word_1_42' title='bbox 886 1092 968 1155; x_wconf 84' lang='grc' dir='ltr'>κατὰ</span> <span class='ocrx_word' id='word_1_43' title='bbox 990 1097 1063 1175; x_wconf 83' lang='grc' dir='ltr'>σοῖν,</span> <span class='ocrx_word' id='word_1_44' title='bbox 1083 1094 1135 1157; x_wconf 86' lang='grc' dir='ltr'>καὶ</span> <span class='ocrx_word' id='word_1_45' title='bbox 1153 1094 1242 1180; x_wconf 93' lang='grc' dir='ltr'>νόμον</span> <span class='ocrx_word' id='word_1_46' title='bbox 1260 1089 1402 1160; x_wconf 72' lang='grc' dir='ltr'>δεικνύειν</span> <span class='ocrx_word' id='word_1_47' title='bbox 1417 1098 1467 1161; x_wconf 85' lang='grc' dir='ltr'>τὸν</span> 
     </span>
     <span class='ocr_line' id='line_1_6' title="bbox 370 1200 977 1292; baseline -0.012 -23"><span class='ocrx_word' id='word_1_48' title='bbox 370 1200 520 1280; x_wconf 79' lang='grc' dir='ltr'>ἐξελῶντα</span> <span class='ocrx_word' id='word_1_49' title='bbox 537 1202 589 1267; x_wconf 84' lang='grc' dir='ltr'>καί</span> <span class='ocrx_word' id='word_1_50' title='bbox 608 1202 708 1292; x_wconf 83' lang='grc' dir='ltr'>πόρρω</span> <span class='ocrx_word' id='word_1_51' title='bbox 728 1225 784 1264; x_wconf 95' lang='grc' dir='ltr'>που</span> <span class='ocrx_word' id='word_1_52' title='bbox 803 1200 977 1287; x_wconf 86' lang='grc' dir='ltr'>πέμποντα;</span> 
     </span>
    </p>

    <p class='ocr_par' dir='ltr' id='par_1_2' title="bbox 370 1309 1467 2397">
     <span class='ocr_line' id='line_1_7' title="bbox 419 1309 1465 1408; baseline 0.005 -31"><span class='ocrx_word' id='word_1_53' title='bbox 419 1314 520 1402; x_wconf 80' lang='grc' dir='ltr'>Μαίνῃ</span> <span class='ocrx_word' id='word_1_54' title='bbox 538 1318 749 1402; x_wconf 90' lang='grc' dir='ltr'>παραφρονῶν,</span> <span class='ocrx_word' id='word_1_55' title='bbox 769 1313 923 1401; x_wconf 77' lang='grc' dir='ltr'>ἄνθρωπε,</span> <span class='ocrx_word' id='word_1_56' title='bbox 946 1310 965 1380; x_wconf 84' lang='grc' dir='ltr'><strong>ἣ</strong></span> <span class='ocrx_word' id='word_1_57' title='bbox 987 1309 1130 1388; x_wconf 78' lang='grc' dir='ltr'>καθάπαξ</span> <span class='ocrx_word' id='word_1_58' title='bbox 1146 1312 1215 1388; x_wconf 79' lang='grc' dir='ltr'>τοὺς</span> <span class='ocrx_word' id='word_1_59' title='bbox 1231 1316 1339 1402; x_wconf 88' lang='grc' dir='ltr'>νόμους</span> <span class='ocrx_word' id='word_1_60' title='bbox 1357 1320 1465 1408; x_wconf 88' lang='grc' dir='ltr'>άμφα-</span> 
     </span>
     <span class='ocr_line' id='line_1_8' title="bbox 370 1419 1466 1515; baseline 0.003 -26"><span class='ocrx_word' id='word_1_61' title='bbox 370 1432 484 1515; x_wconf 85' lang='grc' dir='ltr'>γνοεῖς.</span> <span class='ocrx_word' id='word_1_62' title='bbox 507 1426 545 1487; x_wconf 83' lang='grc' dir='ltr'>Εἰ</span> <span class='ocrx_word' id='word_1_63' title='bbox 565 1419 618 1508; x_wconf 86' lang='grc' dir='ltr'>μὲν</span> <span class='ocrx_word' id='word_1_64' title='bbox 637 1422 818 1511; x_wconf 85' lang='grc' dir='ltr'>τὸπρῶτον,</span> <span class='ocrx_word' id='word_1_65' title='bbox 841 1424 955 1512; x_wconf 84' lang='grc' dir='ltr'>ἰατροῖς</span> <span class='ocrx_word' id='word_1_66' title='bbox 977 1423 1029 1485; x_wconf 87' lang='grc' dir='ltr'>καῖ</span> <span class='ocrx_word' id='word_1_67' title='bbox 1052 1425 1163 1513; x_wconf 90' lang='grc' dir='ltr'>μάγοις</span> <span class='ocrx_word' id='word_1_68' title='bbox 1186 1423 1346 1509; x_wconf 84' lang='grc' dir='ltr'>ὑπόκεισο,</span> <span class='ocrx_word' id='word_1_69' title='bbox 1370 1423 1466 1502; x_wconf 79' lang='grc' dir='ltr'>δεῖξον</span> 
     </span>
     <span class='ocr_line' id='line_1_9' title="bbox 372 1532 1466 1624; baseline 0.003 -24"><span class='ocrx_word' id='word_1_70' title='bbox 372 1536 425 1607; x_wconf 78' lang='grc' dir='ltr'>τὴν</span> <span class='ocrx_word' id='word_1_71' title='bbox 437 1536 527 1600; x_wconf 86' lang='grc' dir='ltr'>νόσον</span> <span class='ocrx_word' id='word_1_72' title='bbox 539 1536 591 1599; x_wconf 88' lang='grc' dir='ltr'>καῖ</span> <span class='ocrx_word' id='word_1_73' title='bbox 606 1532 818 1624; x_wconf 87' lang='grc' dir='ltr'>θεραπεύθητι·</span> <span class='ocrx_word' id='word_1_74' title='bbox 838 1532 961 1609; x_wconf 84' lang='grc' dir='ltr'>ἐκεῖνοις</span> <span class='ocrx_word' id='word_1_75' title='bbox 979 1533 1134 1624; x_wconf 77' lang='grc' dir='ltr'>ἐπίτρεψον</span> <span class='ocrx_word' id='word_1_76' title='bbox 1151 1539 1290 1621; x_wconf 87' lang='grc' dir='ltr'>σεαυτόν,</span> <span class='ocrx_word' id='word_1_77' title='bbox 1310 1537 1416 1602; x_wconf 89' lang='grc' dir='ltr'>ε’κεῖνοί</span> <span class='ocrx_word' id='word_1_78' title='bbox 1432 1564 1466 1603; x_wconf 92' lang='grc' dir='ltr'>σε</span> 
     </span>
     <span class='ocr_line' id='line_1_10' title="bbox 372 1643 1465 1737; baseline 0.005 -28"><span class='ocrx_word' id='word_1_79' title='bbox 372 1647 611 1737; x_wconf 80' lang='grc' dir='ltr'>σωφρονίσουσι·</span> <span class='ocrx_word' id='word_1_80' title='bbox 638 1645 689 1707; x_wconf 81' lang='grc' dir='ltr'>καί</span> <span class='ocrx_word' id='word_1_81' title='bbox 714 1644 871 1718; x_wconf 87' lang='grc' dir='ltr'>καθεστὼς</span> <span class='ocrx_word' id='word_1_82' title='bbox 893 1643 1017 1730; x_wconf 84' lang='grc' dir='ltr'>ἐκεῖθεν,</span> <span class='ocrx_word' id='word_1_83' title='bbox 1037 1645 1104 1737; x_wconf 94' lang='grc' dir='ltr'>λέγε</span> <span class='ocrx_word' id='word_1_84' title='bbox 1124 1649 1208 1731; x_wconf 85' lang='grc' dir='ltr'>τότε,</span> <span class='ocrx_word' id='word_1_85' title='bbox 1233 1651 1284 1713; x_wconf 87' lang='grc' dir='ltr'>καί</span> <span class='ocrx_word' id='word_1_86' title='bbox 1309 1656 1383 1725; x_wconf 82' lang='grc' dir='ltr'><strong>ἴσως</strong></span> <span class='ocrx_word' id='word_1_87' title='bbox 1400 1674 1465 1714; x_wconf 89' lang='grc' dir='ltr'>σω·</span> 
     </span>
     <span class='ocr_line' id='line_1_11' title="bbox 372 1750 1467 1847; baseline 0.005 -27"><span class='ocrx_word' id='word_1_88' title='bbox 372 1756 487 1847; x_wconf 88' lang='grc' dir='ltr'>φρόνως</span> <span class='ocrx_word' id='word_1_89' title='bbox 500 1755 595 1846; x_wconf 91' lang='grc' dir='ltr'>λέγων</span> <span class='ocrx_word' id='word_1_90' title='bbox 610 1751 772 1843; x_wconf 80' lang='grc' dir='ltr'>δειχθύσρ.</span> <span class='ocrx_word' id='word_1_91' title='bbox 790 1758 825 1818; x_wconf 87' lang='grc' dir='ltr'>Εἰ</span> <span class='ocrx_word' id='word_1_92' title='bbox 844 1750 874 1818; x_wconf 80' lang='grc' dir='ltr'>δ’</span> <span class='ocrx_word' id='word_1_93' title='bbox 892 1758 1029 1846; x_wconf 80' lang='grc' dir='ltr'>ἀγνοεῖς,</span> <span class='ocrx_word' id='word_1_94' title='bbox 1049 1761 1113 1845; x_wconf 86' lang='grc' dir='ltr'>ἔχει</span> <span class='ocrx_word' id='word_1_95' title='bbox 1129 1754 1335 1835; x_wconf 72' lang='grc' dir='ltr'>διδασκάλους</span> <span class='ocrx_word' id='word_1_96' title='bbox 1349 1762 1368 1830; x_wconf 82' lang='grc' dir='ltr'>ἡ</span> <span class='ocrx_word' id='word_1_97' title='bbox 1382 1761 1467 1836; x_wconf 87' lang='grc' dir='ltr'>πόλις</span> 
     </span>
     <span class='ocr_line' id='line_1_12' title="bbox 372 1865 1466 1960; baseline 0.006 -30"><span class='ocrx_word' id='word_1_98' title='bbox 372 1874 431 1933; x_wconf 87' lang='grc' dir='ltr'>τῶν</span> <span class='ocrx_word' id='word_1_99' title='bbox 448 1867 547 1953; x_wconf 88' lang='grc' dir='ltr'>νόμων</span> <span class='ocrx_word' id='word_1_100' title='bbox 563 1865 693 1940; x_wconf 85' lang='grc' dir='ltr'>κοινούς.</span> <span class='ocrx_word' id='word_1_101' title='bbox 713 1867 814 1955; x_wconf 91' lang='grc' dir='ltr'>Δράμε</span> <span class='ocrx_word' id='word_1_102' title='bbox 830 1866 904 1957; x_wconf 86' lang='grc' dir='ltr'>πρός</span> <span class='ocrx_word' id='word_1_103' title='bbox 922 1867 1064 1943; x_wconf 83' lang='grc' dir='ltr'>ἐκείνους.</span> <span class='ocrx_word' id='word_1_104' title='bbox 1083 1873 1166 1934; x_wconf 88' lang='grc' dir='ltr'>Μάθε</span> <span class='ocrx_word' id='word_1_105' title='bbox 1182 1879 1311 1960; x_wconf 88' lang='grc' dir='ltr'>πρῶτον,</span> <span class='ocrx_word' id='word_1_106' title='bbox 1331 1875 1381 1936; x_wconf 82' lang='grc' dir='ltr'>καί</span> <span class='ocrx_word' id='word_1_107' title='bbox 1400 1875 1466 1938; x_wconf 91' lang='grc' dir='ltr'>τότε</span> 
     </span>
     <span class='ocr_line' id='line_1_13' title="bbox 373 1977 1467 2072; baseline 0.005 -29"><span class='ocrx_word' id='word_1_108' title='bbox 373 1979 455 2069; x_wconf 89' lang='grc' dir='ltr'>λέγε.</span> <span class='ocrx_word' id='word_1_109' title='bbox 474 1979 533 2042; x_wconf 78' lang='grc' dir='ltr'>Καὶ</span> <span class='ocrx_word' id='word_1_110' title='bbox 553 1979 594 2065; x_wconf 78' lang='grc' dir='ltr'>μὴ</span> <span class='ocrx_word' id='word_1_111' title='bbox 611 1977 722 2052; x_wconf 84' lang='grc' dir='ltr'>παντὸς</span> <span class='ocrx_word' id='word_1_112' title='bbox 739 1981 799 2062; x_wconf 87' lang='grc' dir='ltr'>ᾤου</span> <span class='ocrx_word' id='word_1_113' title='bbox 816 1978 850 2041; x_wconf 87' lang='grc' dir='ltr'>τὸ</span> <span class='ocrx_word' id='word_1_114' title='bbox 866 1979 974 2065; x_wconf 88' lang='grc' dir='ltr'>νόμους</span> <span class='ocrx_word' id='word_1_115' title='bbox 991 1981 1148 2070; x_wconf 84' lang='grc' dir='ltr'>γινώσκειν</span> <span class='ocrx_word' id='word_1_116' title='bbox 1163 1980 1192 2056; x_wconf 83' lang='grc' dir='ltr'>ἐς</span> <span class='ocrx_word' id='word_1_117' title='bbox 1209 1982 1366 2072; x_wconf 74' lang='grc' dir='ltr'>τάκριύές·</span> <span class='ocrx_word' id='word_1_118' title='bbox 1388 1984 1467 2049; x_wconf 80' lang='grc' dir='ltr'>ἀλλὰ</span> 
     </span>
     <span class='ocr_line' id='line_1_14' title="bbox 375 2086 1467 2186; baseline 0.005 -33"><span class='ocrx_word' id='word_1_119' title='bbox 375 2086 427 2165; x_wconf 88' lang='grc' dir='ltr'>δὸς</span> <span class='ocrx_word' id='word_1_120' title='bbox 448 2090 502 2155; x_wconf 82' lang='grc' dir='ltr'>καί</span> <span class='ocrx_word' id='word_1_121' title='bbox 529 2092 629 2180; x_wconf 79' lang='grc' dir='ltr'>γήρᾳ,</span> <span class='ocrx_word' id='word_1_122' title='bbox 655 2088 707 2152; x_wconf 81' lang='grc' dir='ltr'>καῖ</span> <span class='ocrx_word' id='word_1_123' title='bbox 732 2089 838 2178; x_wconf 82' lang='grc' dir='ltr'>πείρᾳ,</span> <span class='ocrx_word' id='word_1_124' title='bbox 867 2092 919 2153; x_wconf 89' lang='grc' dir='ltr'>καῖ</span> <span class='ocrx_word' id='word_1_125' title='bbox 949 2093 1099 2177; x_wconf 82' lang='grc' dir='ltr'>μαθήσει,</span> <span class='ocrx_word' id='word_1_126' title='bbox 1125 2094 1177 2157; x_wconf 80' lang='grc' dir='ltr'>καί</span> <span class='ocrx_word' id='word_1_127' title='bbox 1204 2089 1279 2177; x_wconf 82' lang='grc' dir='ltr'>έξει,</span> <span class='ocrx_word' id='word_1_128' title='bbox 1306 2096 1358 2158; x_wconf 84' lang='grc' dir='ltr'>καῖ</span> <span class='ocrx_word' id='word_1_129' title='bbox 1380 2095 1467 2186; x_wconf 72' lang='grc' dir='ltr'>τριύῇ</span> 
     </span>
     <span class='ocr_line' id='line_1_15' title="bbox 375 2197 1467 2293; baseline 0.004 -28"><span class='ocrx_word' id='word_1_130' title='bbox 375 2197 528 2284; x_wconf 81' lang='grc' dir='ltr'>διηνεκεῖ,</span> <span class='ocrx_word' id='word_1_131' title='bbox 560 2203 600 2265; x_wconf 84' lang='grc' dir='ltr'>τὰ</span> <span class='ocrx_word' id='word_1_132' title='bbox 635 2208 693 2264; x_wconf 90' lang='grc' dir='ltr'>τῶν</span> <span class='ocrx_word' id='word_1_133' title='bbox 726 2200 839 2286; x_wconf 81' lang='grc' dir='ltr'>νόμιον·</span> <span class='ocrx_word' id='word_1_134' title='bbox 876 2202 928 2264; x_wconf 87' lang='grc' dir='ltr'>καῖ</span> <span class='ocrx_word' id='word_1_135' title='bbox 959 2204 1044 2291; x_wconf 85' lang='grc' dir='ltr'>παρά</span> <span class='ocrx_word' id='word_1_136' title='bbox 1074 2202 1143 2278; x_wconf 78' lang='grc' dir='ltr'>τοὺς</span> <span class='ocrx_word' id='word_1_137' title='bbox 1175 2203 1327 2280; x_wconf 83' lang='grc' dir='ltr'>τοιούτους</span> <span class='ocrx_word' id='word_1_138' title='bbox 1360 2214 1467 2293; x_wconf 90' lang='grc' dir='ltr'>φοιτῶν</span> 
     </span>
     <span class='ocr_line' id='line_1_16' title="bbox 376 2313 523 2397; baseline -0.014 -23"><span class='ocrx_word' id='word_1_139' title='bbox 376 2313 523 2397; x_wconf 87' lang='grc' dir='ltr'>μάνθανε.</span> 
     </span>
    </p>

    <p class='ocr_par' dir='ltr' id='par_1_3' title="bbox 375 2399 1470 3400">
     <span class='ocr_line' id='line_1_17' title="bbox 422 2399 1465 2514; baseline 0.003 -30"><span class='ocrx_word' id='word_1_140' title='bbox 422 2399 496 2509; x_wconf 67' lang='grc' dir='ltr'>Ῑλγῶ</span> <span class='ocrx_word' id='word_1_141' title='bbox 518 2416 572 2505; x_wconf 80' lang='grc' dir='ltr'>μὲν</span> <span class='ocrx_word' id='word_1_142' title='bbox 598 2415 680 2506; x_wconf 80' lang='grc' dir='ltr'>εἶχον</span> <span class='ocrx_word' id='word_1_143' title='bbox 704 2418 873 2508; x_wconf 84' lang='grc' dir='ltr'>λέγεινκαὶ</span> <span class='ocrx_word' id='word_1_144' title='bbox 898 2418 1008 2502; x_wconf 89' lang='grc' dir='ltr'>πλείω,</span> <span class='ocrx_word' id='word_1_145' title='bbox 1033 2426 1113 2510; x_wconf 85' lang='grc' dir='ltr'>εἴπερ</span> <span class='ocrx_word' id='word_1_146' title='bbox 1138 2423 1179 2507; x_wconf 78' lang='grc' dir='ltr'>μὴ</span> <span class='ocrx_word' id='word_1_147' title='bbox 1203 2422 1325 2496; x_wconf 84' lang='grc' dir='ltr'>τούτους</span> <span class='ocrx_word' id='word_1_148' title='bbox 1349 2422 1465 2514; x_wconf 82' lang='grc' dir='ltr'>ἑώρων,</span> 
     </span>
     <span class='ocr_line' id='line_1_18' title="bbox 375 2529 1468 2622; baseline 0.005 -30"><span class='ocrx_word' id='word_1_149' title='bbox 375 2532 556 2617; x_wconf 84' lang='grc' dir='ltr'>νομομαθεῖς</span> <span class='ocrx_word' id='word_1_150' title='bbox 585 2534 673 2604; x_wconf 92' lang='grc' dir='ltr'>όντας</span> <span class='ocrx_word' id='word_1_151' title='bbox 707 2531 847 2614; x_wconf 88' lang='grc' dir='ltr'>πάντως,</span> <span class='ocrx_word' id='word_1_152' title='bbox 877 2529 988 2600; x_wconf 69' lang='grc' dir='ltr'>πολλῶν</span> <span class='ocrx_word' id='word_1_153' title='bbox 1019 2555 1074 2595; x_wconf 91' lang='grc' dir='ltr'>σου</span> <span class='ocrx_word' id='word_1_154' title='bbox 1103 2534 1388 2622; x_wconf 88' lang='grc' dir='ltr'>καταγινώσκοντας</span> <span class='ocrx_word' id='word_1_155' title='bbox 1416 2537 1468 2605; x_wconf 78' lang='grc' dir='ltr'>τὴν</span> 
     </span>
     <span class='ocr_line' id='line_1_19' title="bbox 376 2621 1468 2732; baseline 0.003 -27"><span class='ocrx_word' id='word_1_156' title='bbox 376 2639 526 2711; x_wconf 78' lang='grc' dir='ltr'>εὐήθειαν.</span> <span class='ocrx_word' id='word_1_157' title='bbox 545 2621 635 2727; x_wconf 77' lang='grc' dir='ltr'>Ῠμεῖς</span> <span class='ocrx_word' id='word_1_158' title='bbox 652 2635 714 2723; x_wconf 66' lang='grc' dir='ltr'>δέ’,</span> <span class='ocrx_word' id='word_1_159' title='bbox 735 2640 814 2704; x_wconf 78' lang='grc' dir='ltr'>ἀλλὰ</span> <span class='ocrx_word' id='word_1_160' title='bbox 831 2636 898 2704; x_wconf 88' lang='grc' dir='ltr'>δότε</span> <span class='ocrx_word' id='word_1_161' title='bbox 917 2666 967 2727; x_wconf 92' lang='grc' dir='ltr'>μοι</span> <span class='ocrx_word' id='word_1_162' title='bbox 983 2642 1036 2710; x_wconf 68' lang='grc' dir='ltr'>τὴν</span> <span class='ocrx_word' id='word_1_163' title='bbox 1055 2642 1222 2732; x_wconf 82' lang='grc' dir='ltr'>ἀπολογίαν</span> <span class='ocrx_word' id='word_1_164' title='bbox 1242 2642 1384 2708; x_wconf 80' lang='grc' dir='ltr'>ἐντεῦθεν.</span> <span class='ocrx_word' id='word_1_165' title='bbox 1404 2646 1468 2708; x_wconf 88' lang='grc' dir='ltr'>Κάν</span> 
     </span>
     <span class='ocr_line' id='line_1_20' title="bbox 377 2746 1465 2853; baseline 0.005 -38"><span class='ocrx_word' id='word_1_166' title='bbox 377 2748 472 2843; x_wconf 83' lang='grc' dir='ltr'>βαρὺς</span> <span class='ocrx_word' id='word_1_167' title='bbox 489 2750 551 2853; x_wconf 79' lang='grc' dir='ltr'>ἐγὼ</span> <span class='ocrx_word' id='word_1_168' title='bbox 569 2752 621 2815; x_wconf 79' lang='grc' dir='ltr'>καί</span> <span class='ocrx_word' id='word_1_169' title='bbox 640 2746 754 2842; x_wconf 88' lang='grc' dir='ltr'>δύςερις</span> <span class='ocrx_word' id='word_1_170' title='bbox 774 2750 803 2814; x_wconf 80' lang='grc' dir='ltr'>ε’ν</span> <span class='ocrx_word' id='word_1_171' title='bbox 820 2748 901 2837; x_wconf 85' lang='grc' dir='ltr'>ὑμῖν,</span> <span class='ocrx_word' id='word_1_172' title='bbox 926 2754 977 2815; x_wconf 85' lang='grc' dir='ltr'>καί</span> <span class='ocrx_word' id='word_1_173' title='bbox 1001 2754 1228 2843; x_wconf 70' lang='grc' dir='ltr'>καταφρονητὴς</span> <span class='ocrx_word' id='word_1_174' title='bbox 1249 2755 1345 2841; x_wconf 92' lang='grc' dir='ltr'>νόμων</span> <span class='ocrx_word' id='word_1_175' title='bbox 1367 2751 1465 2839; x_wconf 89' lang='grc' dir='ltr'>δοκῶ,</span> 
     </span>
     <span class='ocr_line' id='line_1_21' title="bbox 376 2859 1469 2954; baseline 0.006 -30"><span class='ocrx_word' id='word_1_176' title='bbox 376 2859 458 2949; x_wconf 80' lang='grc' dir='ltr'>ὑμῶν</span> <span class='ocrx_word' id='word_1_177' title='bbox 475 2862 647 2954; x_wconf 90' lang='grc' dir='ltr'>κρινόντων,</span> <span class='ocrx_word' id='word_1_178' title='bbox 668 2863 719 2926; x_wconf 86' lang='grc' dir='ltr'>καῖ</span> <span class='ocrx_word' id='word_1_179' title='bbox 743 2863 783 2949; x_wconf 74' lang='grc' dir='ltr'>μὴ</span> <span class='ocrx_word' id='word_1_180' title='bbox 806 2860 911 2926; x_wconf 86' lang='grc' dir='ltr'>τούτου</span> <span class='ocrx_word' id='word_1_181' title='bbox 928 2870 1183 2954; x_wconf 81' lang='grc' dir='ltr'>κατηγοροῦντος,</span> <span class='ocrx_word' id='word_1_182' title='bbox 1208 2865 1336 2952; x_wconf 83' lang='grc' dir='ltr'>εὐμενῶς</span> <span class='ocrx_word' id='word_1_183' title='bbox 1355 2866 1390 2930; x_wconf 84' lang='grc' dir='ltr'>τό</span> <span class='ocrx_word' id='word_1_184' title='bbox 1411 2863 1469 2932; x_wconf 89' lang='grc' dir='ltr'>δο-</span> 
     </span>
     <span class='ocr_line' id='line_1_22' title="bbox 377 2968 1470 3064; baseline 0.003 -25"><span class='ocrx_word' id='word_1_185' title='bbox 377 2979 447 3039; x_wconf 80' lang='grc' dir='ltr'>κοῦν</span> <span class='ocrx_word' id='word_1_186' title='bbox 463 2972 534 3063; x_wconf 81' lang='grc' dir='ltr'>ὑμῖν</span> <span class='ocrx_word' id='word_1_187' title='bbox 552 2969 698 3059; x_wconf 85' lang='grc' dir='ltr'>δέξομαι,</span> <span class='ocrx_word' id='word_1_188' title='bbox 718 2974 758 3047; x_wconf 91' lang='grc' dir='ltr'>ῶς</span> <span class='ocrx_word' id='word_1_189' title='bbox 776 2968 878 3063; x_wconf 86' lang='grc' dir='ltr'>δόγμα</span> <span class='ocrx_word' id='word_1_190' title='bbox 895 2975 993 3038; x_wconf 86' lang='grc' dir='ltr'>κοινόν</span> <span class='ocrx_word' id='word_1_191' title='bbox 1009 2975 1151 3059; x_wconf 89' lang='grc' dir='ltr'>πολιτῶν,</span> <span class='ocrx_word' id='word_1_192' title='bbox 1173 2979 1224 3040; x_wconf 86' lang='grc' dir='ltr'>καῖ</span> <span class='ocrx_word' id='word_1_193' title='bbox 1245 2975 1303 3064; x_wconf 76' lang='grc' dir='ltr'>οὐχ</span> <span class='ocrx_word' id='word_1_194' title='bbox 1320 2977 1361 3052; x_wconf 87' lang='grc' dir='ltr'>ὡς</span> <span class='ocrx_word' id='word_1_195' title='bbox 1378 3002 1470 3042; x_wconf 90' lang='grc' dir='ltr'>συκο-</span> 
     </span>
     <span class='ocr_line' id='line_1_23' title="bbox 378 3075 1470 3176; baseline 0.003 -27"><span class='ocrx_word' id='word_1_196' title='bbox 378 3087 487 3175; x_wconf 90' lang='grc' dir='ltr'>φάντου</span> <span class='ocrx_word' id='word_1_197' title='bbox 506 3083 659 3175; x_wconf 79' lang='grc' dir='ltr'>ε’πύρειαν.</span> <span class='ocrx_word' id='word_1_198' title='bbox 682 3084 745 3148; x_wconf 81' lang='grc' dir='ltr'>Κᾶν</span> <span class='ocrx_word' id='word_1_199' title='bbox 763 3075 849 3159; x_wconf 70' lang='grc' dir='ltr'>οὗτος</span> <span class='ocrx_word' id='word_1_200' title='bbox 865 3083 957 3174; x_wconf 81' lang='grc' dir='ltr'>λέγῃ,</span> <span class='ocrx_word' id='word_1_201' title='bbox 978 3082 1063 3149; x_wconf 81' lang='grc' dir='ltr'>οὐδὲν</span> <span class='ocrx_word' id='word_1_202' title='bbox 1081 3085 1097 3150; x_wconf 92' lang='grc' dir='ltr'>ό</span> <span class='ocrx_word' id='word_1_203' title='bbox 1113 3112 1141 3150; x_wconf 84' lang='grc' dir='ltr'>τι</span> <span class='ocrx_word' id='word_1_204' title='bbox 1160 3088 1200 3174; x_wconf 78' lang='grc' dir='ltr'>μὴ</span> <span class='ocrx_word' id='word_1_205' title='bbox 1218 3084 1291 3162; x_wconf 82' lang='grc' dir='ltr'>λέξω</span> <span class='ocrx_word' id='word_1_206' title='bbox 1309 3090 1361 3152; x_wconf 85' lang='grc' dir='ltr'>καί</span> <span class='ocrx_word' id='word_1_207' title='bbox 1381 3091 1470 3176; x_wconf 86' lang='grc' dir='ltr'>ἰσχυ-</span> 
     </span>
     <span class='ocr_line' id='line_1_24' title="bbox 377 3192 1469 3288; baseline 0.003 -27"><span class='ocrx_word' id='word_1_208' title='bbox 377 3198 500 3287; x_wconf 87' lang='grc' dir='ltr'>ρίσομαι</span> <span class='ocrx_word' id='word_1_209' title='bbox 514 3198 701 3285; x_wconf 80' lang='grc' dir='ltr'>συκοφάντην</span> <span class='ocrx_word' id='word_1_210' title='bbox 716 3192 858 3260; x_wconf 85' lang='grc' dir='ltr'>δεικνύειν</span> <span class='ocrx_word' id='word_1_211' title='bbox 871 3198 922 3260; x_wconf 81' lang='grc' dir='ltr'>καί</span> <span class='ocrx_word' id='word_1_212' title='bbox 936 3198 1127 3288; x_wconf 90' lang='grc' dir='ltr'>παρερμηνέα</span> <span class='ocrx_word' id='word_1_213' title='bbox 1140 3206 1197 3263; x_wconf 92' lang='grc' dir='ltr'>τῶν</span> <span class='ocrx_word' id='word_1_214' title='bbox 1214 3199 1355 3285; x_wconf 86' lang='grc' dir='ltr'>κειμένων</span> <span class='ocrx_word' id='word_1_215' title='bbox 1373 3201 1469 3287; x_wconf 93' lang='grc' dir='ltr'>νόμων</span> 
     </span>
     <span class='ocr_line' id='line_1_25' title="bbox 378 3303 1466 3400; baseline 0.004 -29"><span class='ocrx_word' id='word_1_216' title='bbox 378 3309 428 3371; x_wconf 85' lang='grc' dir='ltr'>καῖ</span> <span class='ocrx_word' id='word_1_217' title='bbox 443 3306 645 3400; x_wconf 82' lang='grc' dir='ltr'>ἐπηρεαστήν.</span> <span class='ocrx_word' id='word_1_218' title='bbox 662 3306 726 3369; x_wconf 84' lang='grc' dir='ltr'>Κᾶν</span> <span class='ocrx_word' id='word_1_219' title='bbox 739 3303 823 3393; x_wconf 84' lang='grc' dir='ltr'>ὑμεῖς</span> <span class='ocrx_word' id='word_1_220' title='bbox 839 3309 1072 3398; x_wconf 88' lang='grc' dir='ltr'>άποφαίνοισθε,</span> <span class='ocrx_word' id='word_1_221' title='bbox 1092 3312 1258 3399; x_wconf 76' lang='grc' dir='ltr'>σιγήσομαι</span> <span class='ocrx_word' id='word_1_222' title='bbox 1272 3314 1466 3399; x_wconf 92' lang='grc' dir='ltr'>παραυτίκα,</span> 
     </span>
    </p>
   </div>
   <div class='ocr_carea' id='block_1_2' title="bbox 377 3502 1471 4508">
    <p class='ocr_par' dir='ltr' id='par_1_4' title="bbox 377 3502 1471 4192">
     <span class='ocr_line' id='line_1_26' title="bbox 378 3502 1468 3569; baseline 0.002 -16"><span class='ocrx_word' id='word_1_223' title='bbox 378 3502 541 3555; x_wconf 81' lang='lat' dir='ltr'><strong>describendi</strong></span> <span class='ocrx_word' id='word_1_224' title='bbox 553 3502 685 3563; x_wconf 59' lang='lat' dir='ltr'><strong>eruetha,</strong></span> <span class='ocrx_word' id='word_1_225' title='bbox 700 3502 791 3552; x_wconf 80' lang='lat' dir='ltr'>Horatii</span> <span class='ocrx_word' id='word_1_226' title='bbox 803 3504 839 3552; x_wconf 91' lang='lat' dir='ltr'>soi</span> <span class='ocrx_word' id='word_1_227' title='bbox 854 3519 907 3553; x_wconf 88' lang='lat' dir='ltr'>me-</span> <span class='ocrx_word' id='word_1_228' title='bbox 938 3505 1016 3569; x_wconf 88' lang='lat' dir='ltr'><strong>patria</strong></span> <span class='ocrx_word' id='word_1_229' title='bbox 1025 3505 1119 3563; x_wconf 88' lang='lat' dir='ltr'><strong>relicta,</strong></span> <span class='ocrx_word' id='word_1_230' title='bbox 1128 3503 1255 3563; x_wconf 88' lang='lat' dir='ltr'><strong>libertate,</strong></span> <span class='ocrx_word' id='word_1_231' title='bbox 1267 3522 1320 3569; x_wconf 83' lang='lat' dir='ltr'><strong>quae</strong></span> <span class='ocrx_word' id='word_1_232' title='bbox 1329 3521 1380 3553; x_wconf 84' lang='lat' dir='ltr'><strong>sera</strong></span> <span class='ocrx_word' id='word_1_233' title='bbox 1389 3517 1468 3555; x_wconf 84' lang='lat' dir='ltr'><strong>tamen</strong></span> 
     </span>
     <span class='ocr_line' id='line_1_27' title="bbox 378 3581 1470 3647; baseline 0 -13"><span class='ocrx_word' id='word_1_234' title='bbox 378 3600 446 3634; x_wconf 89' lang='lat' dir='ltr'><strong>mor:</strong></span> <span class='ocrx_word' id='word_1_235' title='bbox 460 3601 472 3628; x_wconf 83' lang='grc' dir='ltr'>ι</span> <span class='ocrx_word' id='word_1_236' title='bbox 484 3582 543 3633; x_wconf 78' lang='lat' dir='ltr'><strong>Pius</strong></span> <span class='ocrx_word' id='word_1_237' title='bbox 557 3598 588 3631; x_wconf 91' lang='lat' dir='ltr'>on</span> <span class='ocrx_word' id='word_1_238' title='bbox 598 3581 692 3646; x_wconf 83' lang='lat' dir='ltr'><strong>drogue</strong></span> <span class='ocrx_word' id='word_1_239' title='bbox 701 3596 730 3631; x_wconf 86' lang='lat' dir='ltr'>ee</span> <span class='ocrx_word' id='word_1_240' title='bbox 744 3581 806 3641; x_wconf 88' lang='lat' dir='ltr'><strong>mal,</strong></span> <span class='ocrx_word' id='word_1_241' title='bbox 822 3593 846 3630; x_wconf 90' lang='lat' dir='ltr'>et</span> <span class='ocrx_word' id='word_1_242' title='bbox 858 3591 910 3630; x_wconf 87' lang='lat' dir='ltr'><strong>tant</strong></span> <span class='ocrx_word' id='word_1_243' title='bbox 938 3582 1017 3647; x_wconf 87' lang='lat' dir='ltr'><strong>ipsum</strong></span> <span class='ocrx_word' id='word_1_244' title='bbox 1039 3592 1191 3646; x_wconf 78' lang='lat' dir='ltr'><strong>respexerat,</strong></span> <span class='ocrx_word' id='word_1_245' title='bbox 1214 3583 1313 3631; x_wconf 67' lang='lat' dir='ltr'><strong>Lutetiae</strong></span> <span class='ocrx_word' id='word_1_246' title='bbox 1337 3583 1470 3634; x_wconf 75' lang='lat' dir='ltr'><strong>fruebatur.</strong></span> 
     </span>
     <span class='ocr_line' id='line_1_28' title="bbox 377 3659 1470 3726; baseline 0.001 -15"><span class='ocrx_word' id='word_1_247' title='bbox 377 3662 431 3725; x_wconf 74' lang='lat' dir='ltr'><strong>plur</strong></span> <span class='ocrx_word' id='word_1_248' title='bbox 443 3662 461 3711; x_wconf 89' lang='lat' dir='ltr'>il</span> <span class='ocrx_word' id='word_1_249' title='bbox 479 3659 609 3723; x_wconf 77' lang='lat' dir='ltr'><strong>s’empire3</strong></span> <span class='ocrx_word' id='word_1_250' title='bbox 628 3659 648 3709; x_wconf 88' lang='lat'>11</span> <span class='ocrx_word' id='word_1_251' title='bbox 662 3660 725 3708; x_wconf 83' lang='lat' dir='ltr'><strong>n’est</strong></span> <span class='ocrx_word' id='word_1_252' title='bbox 743 3661 812 3724; x_wconf 89' lang='lat' dir='ltr'><strong>point</strong></span> <span class='ocrx_word' id='word_1_253' title='bbox 826 3659 911 3709; x_wconf 75' lang='lat' dir='ltr'><strong>d&#39;elle-</strong></span> <span class='ocrx_word' id='word_1_254' title='bbox 939 3659 977 3709; x_wconf 76' lang='lat' dir='ltr'>Ad</span> <span class='ocrx_word' id='word_1_255' title='bbox 998 3660 1080 3709; x_wconf 86' lang='lat' dir='ltr'><strong>Dinisii</strong></span> <span class='ocrx_word' id='word_1_256' title='bbox 1099 3676 1184 3708; x_wconf 83' lang='lat' dir='ltr'><strong>versus</strong></span> <span class='ocrx_word' id='word_1_257' title='bbox 1203 3661 1255 3723; x_wconf 88' lang='lat' dir='ltr'><strong>ipse</strong></span> <span class='ocrx_word' id='word_1_258' title='bbox 1275 3662 1349 3719; x_wconf 86' lang='lat' dir='ltr'><strong>olim,</strong></span> <span class='ocrx_word' id='word_1_259' title='bbox 1369 3663 1470 3726; x_wconf 80' lang='lat' dir='ltr'><strong>gallicus</strong></span> 
     </span>
     <span class='ocr_line' id='line_1_29' title="bbox 378 3737 1471 3803; baseline 0.004 -16"><span class='ocrx_word' id='word_1_260' title='bbox 378 3738 436 3789; x_wconf 88' lang='lat' dir='ltr'><strong>bore</strong></span> <span class='ocrx_word' id='word_1_261' title='bbox 447 3753 516 3788; x_wconf 77' lang='lat' dir='ltr'><strong>assez</strong></span> <span class='ocrx_word' id='word_1_262' title='bbox 533 3754 563 3787; x_wconf 90' lang='lat' dir='ltr'>en</span> <span class='ocrx_word' id='word_1_263' title='bbox 578 3737 695 3802; x_wconf 78' lang='lat' dir='ltr'><strong>Anticyre</strong></span> <span class='ocrx_word' id='word_1_264' title='bbox 710 3756 731 3787; x_wconf 82' lang='grc' dir='ltr'>ν,</span> <span class='ocrx_word' id='word_1_265' title='bbox 746 3737 780 3787; x_wconf 91' lang='lat' dir='ltr'>lbi</span> <span class='ocrx_word' id='word_1_266' title='bbox 795 3738 910 3788; x_wconf 86' lang='lat' dir='ltr'><strong>Bressetti</strong></span> <span class='ocrx_word' id='word_1_267' title='bbox 939 3739 1074 3803; x_wconf 75' lang='lat' dir='ltr'><strong>interpres,</strong></span> <span class='ocrx_word' id='word_1_268' title='bbox 1088 3739 1199 3789; x_wconf 85' lang='lat' dir='ltr'><strong>nonnihil</strong></span> <span class='ocrx_word' id='word_1_269' title='bbox 1211 3740 1319 3789; x_wconf 86' lang='lat' dir='ltr'><strong>scribens</strong></span> <span class='ocrx_word' id='word_1_270' title='bbox 1329 3742 1471 3791; x_wconf 87' lang='lat' dir='ltr'><strong>adnotatio-</strong></span> 
     </span>
     <span class='ocr_line' id='line_1_30' title="bbox 378 3816 1470 3884; baseline 0.004 -19"><span class='ocrx_word' id='word_1_271' title='bbox 378 3828 444 3868; x_wconf 86' lang='lat' dir='ltr'><strong>nota.</strong></span> <span class='ocrx_word' id='word_1_272' title='bbox 454 3816 603 3868; x_wconf 70' lang='lat' dir='ltr'><strong>Malherbius</strong></span> <span class='ocrx_word' id='word_1_273' title='bbox 612 3816 720 3881; x_wconf 81' lang='lat' dir='ltr'>Epistola</span> <span class='ocrx_word' id='word_1_274' title='bbox 731 3816 761 3864; x_wconf 90' lang='lat' dir='ltr'>ad</span> <span class='ocrx_word' id='word_1_275' title='bbox 769 3816 892 3866; x_wconf 84' lang='lat' dir='ltr'><strong>Racanuro</strong></span> <span class='ocrx_word' id='word_1_276' title='bbox 903 3837 909 3865; x_wconf 87' lang='grc' dir='ltr'>ι</span> <span class='ocrx_word' id='word_1_277' title='bbox 940 3819 977 3865; x_wconf 91' lang='lat' dir='ltr'>nis</span> <span class='ocrx_word' id='word_1_278' title='bbox 989 3818 1020 3866; x_wconf 84' lang='lat' dir='ltr'>de</span> <span class='ocrx_word' id='word_1_279' title='bbox 1034 3817 1127 3867; x_wconf 89' lang='lat' dir='ltr'><strong>Veratri</strong></span> <span class='ocrx_word' id='word_1_280' title='bbox 1147 3818 1200 3867; x_wconf 79' lang='lat' dir='ltr'><strong>Albi</strong></span> <span class='ocrx_word' id='word_1_281' title='bbox 1219 3819 1247 3867; x_wconf 83' lang='lat' dir='ltr'>L.</span> <span class='ocrx_word' id='word_1_282' title='bbox 1260 3822 1404 3884; x_wconf 79' lang='lat' dir='ltr'>synonymia</span> <span class='ocrx_word' id='word_1_283' title='bbox 1415 3837 1470 3869; x_wconf 88' lang='lat' dir='ltr'>mo-</span> 
     </span>
     <span class='ocr_line' id='line_1_31' title="bbox 380 3895 1470 3962; baseline 0.006 -22"><span class='ocrx_word' id='word_1_284' title='bbox 380 3896 427 3945; x_wconf 75' lang='lat' dir='ltr'>«si</span> <span class='ocrx_word' id='word_1_285' title='bbox 444 3896 604 3962; x_wconf 79' lang='lat' dir='ltr'><strong>quelqu’uoy</strong></span> <span class='ocrx_word' id='word_1_286' title='bbox 618 3905 702 3944; x_wconf 81' lang='lat' dir='ltr'><strong>trouve</strong></span> <span class='ocrx_word' id='word_1_287' title='bbox 715 3896 729 3944; x_wconf 80' lang='lat' dir='ltr'>:i</span> <span class='ocrx_word' id='word_1_288' title='bbox 744 3895 837 3952; x_wconf 84' lang='lat' dir='ltr'><strong>redire,</strong></span> <span class='ocrx_word' id='word_1_289' title='bbox 851 3896 910 3960; x_wconf 82' lang='lat' dir='ltr'><strong>qu’il</strong></span> <span class='ocrx_word' id='word_1_290' title='bbox 938 3910 997 3944; x_wconf 83' lang='lat' dir='ltr'><strong>nere</strong></span> <span class='ocrx_word' id='word_1_291' title='bbox 1015 3898 1124 3946; x_wconf 88' lang='lat' dir='ltr'><strong>memini.</strong></span> <span class='ocrx_word' id='word_1_292' title='bbox 1140 3897 1187 3946; x_wconf 82' lang='lat' dir='ltr'>Res</span> <span class='ocrx_word' id='word_1_293' title='bbox 1207 3906 1258 3957; x_wconf 83' lang='lat' dir='ltr'><strong>est,</strong></span> <span class='ocrx_word' id='word_1_294' title='bbox 1272 3907 1298 3945; x_wconf 88' lang='lat' dir='ltr'>ut</span> <span class='ocrx_word' id='word_1_295' title='bbox 1316 3898 1389 3946; x_wconf 84' lang='lat' dir='ltr'><strong>modo</strong></span> <span class='ocrx_word' id='word_1_296' title='bbox 1406 3897 1470 3956; x_wconf 77' lang='lat' dir='ltr'><strong>dixi,</strong></span> 
     </span>
     <span class='ocr_line' id='line_1_32' title="bbox 380 3972 1471 4038; baseline 0.002 -16"><span class='ocrx_word' id='word_1_297' title='bbox 380 3988 472 4037; x_wconf 82' lang='lat' dir='ltr'><strong>preone</strong></span> <span class='ocrx_word' id='word_1_298' title='bbox 493 3974 525 4023; x_wconf 86' lang='lat' dir='ltr'>de</span> <span class='ocrx_word' id='word_1_299' title='bbox 544 3972 671 4021; x_wconf 76' lang='lat' dir='ltr'><strong>l’ellebore</strong></span> <span class='ocrx_word' id='word_1_300' title='bbox 689 3992 711 4021; x_wconf 73' lang='grc' dir='ltr'>ν.</span> <span class='ocrx_word' id='word_1_301' title='bbox 731 3973 819 4031; x_wconf 66' lang='lat' dir='ltr'><strong>orutz„</strong></span> <span class='ocrx_word' id='word_1_302' title='bbox 839 3985 910 4036; x_wconf 89' lang='lat' dir='ltr'><strong>poeta</strong></span> <span class='ocrx_word' id='word_1_303' title='bbox 939 3989 987 4023; x_wconf 87' lang='lat' dir='ltr'>non</span> <span class='ocrx_word' id='word_1_304' title='bbox 1004 3991 1089 4038; x_wconf 84' lang='lat' dir='ltr'><strong>parom</strong></span> <span class='ocrx_word' id='word_1_305' title='bbox 1105 3977 1207 4025; x_wconf 69' lang='lat' dir='ltr'><strong>ineerta·</strong></span> <span class='ocrx_word' id='word_1_306' title='bbox 1223 3976 1388 4024; x_wconf 83' lang='lat' dir='ltr'><strong>Certissiorum</strong></span> <span class='ocrx_word' id='word_1_307' title='bbox 1407 3985 1471 4024; x_wconf 87' lang='lat' dir='ltr'><strong>esta</strong></span> 
     </span>
     <span class='ocr_line' id='line_1_33' title="bbox 380 4051 1471 4118; baseline 0 -18"><span class='ocrx_word' id='word_1_308' title='bbox 380 4051 572 4115; x_wconf 74' lang='lat' dir='ltr'><strong>elegantissimus</strong></span> <span class='ocrx_word' id='word_1_309' title='bbox 584 4070 590 4099; x_wconf 84' lang='grc' dir='ltr'>ι</span> <span class='ocrx_word' id='word_1_310' title='bbox 605 4068 617 4095; x_wconf 74' lang='lat' dir='ltr'><strong>e</strong></span> <span class='ocrx_word' id='word_1_311' title='bbox 631 4051 714 4110; x_wconf 81' lang='lat' dir='ltr'><strong>Estes,</strong></span> <span class='ocrx_word' id='word_1_312' title='bbox 726 4051 792 4115; x_wconf 86' lang='lat' dir='ltr'><strong>cujas</strong></span> <span class='ocrx_word' id='word_1_313' title='bbox 806 4051 910 4111; x_wconf 75' lang='lat' dir='ltr'><strong>cabeeas</strong></span> <span class='ocrx_word' id='word_1_314' title='bbox 938 4054 1077 4118; x_wconf 89' lang='lat' dir='ltr'><strong>potionibus</strong></span> <span class='ocrx_word' id='word_1_315' title='bbox 1095 4055 1118 4101; x_wconf 82' lang='lat' dir='ltr'>id</span> <span class='ocrx_word' id='word_1_316' title='bbox 1134 4069 1209 4116; x_wconf 79' lang='lat' dir='ltr'><strong>genus</strong></span> <span class='ocrx_word' id='word_1_317' title='bbox 1220 4056 1403 4116; x_wconf 75' lang='grc' dir='ltr'>ἐμετικωτάταις</span> <span class='ocrx_word' id='word_1_318' title='bbox 1417 4069 1471 4101; x_wconf 90' lang='lat' dir='ltr'><strong>esse</strong></span> 
     </span>
     <span class='ocr_line' id='line_1_34' title="bbox 379 4127 1350 4192; baseline 0.001 -15"><span class='ocrx_word' id='word_1_319' title='bbox 379 4128 534 4192; x_wconf 70' lang='lat' dir='ltr'><strong>disgraoadas</strong></span> <span class='ocrx_word' id='word_1_320' title='bbox 541 4129 593 4177; x_wconf 72' lang='lat' dir='ltr'>aaa</span> <span class='ocrx_word' id='word_1_321' title='bbox 600 4127 692 4178; x_wconf 79' lang='lat' dir='ltr'><strong>hastam</strong></span> <span class='ocrx_word' id='word_1_322' title='bbox 702 4145 716 4177; x_wconf 92' lang='lat' dir='ltr'><strong>a</strong></span> <span class='ocrx_word' id='word_1_323' title='bbox 725 4145 795 4178; x_wconf 79' lang='lat' dir='ltr'><strong>curer</strong></span> <span class='ocrx_word' id='word_1_324' title='bbox 805 4141 853 4179; x_wconf 85' lang='lat' dir='ltr'><strong>tres</strong></span> <span class='ocrx_word' id='word_1_325' title='bbox 863 4135 911 4179; x_wconf 74' lang='lat' dir='ltr'>Aa·</span> <span class='ocrx_word' id='word_1_326' title='bbox 938 4130 1108 4181; x_wconf 83' lang='lat' dir='ltr'><strong>abstinendum</strong></span> <span class='ocrx_word' id='word_1_327' title='bbox 1118 4169 1124 4188; x_wconf 87' lang='lat'><strong><em>,</em></strong></span> <span class='ocrx_word' id='word_1_328' title='bbox 1142 4131 1214 4179; x_wconf 87' lang='lat' dir='ltr'><strong>veluti</strong></span> <span class='ocrx_word' id='word_1_329' title='bbox 1229 4148 1242 4179; x_wconf 85' lang='lat' dir='ltr'><strong>a</strong></span> <span class='ocrx_word' id='word_1_330' title='bbox 1256 4131 1350 4178; x_wconf 80' lang='lat' dir='ltr'><strong>toxicis.</strong></span> 
     </span>
    </p>

    <p class='ocr_par' dir='ltr' id='par_1_5' title="bbox 379 4206 1471 4508">
     <span class='ocr_line' id='line_1_35' title="bbox 380 4206 1471 4275; baseline 0.002 -19"><span class='ocrx_word' id='word_1_331' title='bbox 380 4207 482 4273; x_wconf 81' lang='lat' dir='ltr'><strong>tieyrae,</strong></span> <span class='ocrx_word' id='word_1_332' title='bbox 496 4206 636 4257; x_wconf 74' lang='lat' dir='ltr'><strong>Abrazadoa</strong></span> <span class='ocrx_word' id='word_1_333' title='bbox 647 4223 674 4256; x_wconf 81' lang='lat' dir='ltr'>ee</span> <span class='ocrx_word' id='word_1_334' title='bbox 688 4209 753 4257; x_wconf 71' lang='lat' dir='ltr'><strong>ortior</strong></span> <span class='ocrx_word' id='word_1_335' title='bbox 764 4208 829 4257; x_wconf 88' lang='lat' dir='ltr'><strong>d&#39;urrr</strong></span> <span class='ocrx_word' id='word_1_336' title='bbox 841 4220 911 4257; x_wconf 85' lang='lat' dir='ltr'><strong>santo</strong></span> <span class='ocrx_word' id='word_1_337' title='bbox 973 4210 981 4234; x_wconf 87' lang='lat'>¹</span> <span class='ocrx_word' id='word_1_338' title='bbox 994 4209 1095 4257; x_wconf 89' lang='lat' dir='ltr'><strong>Nomine</strong></span> <span class='ocrx_word' id='word_1_339' title='bbox 1106 4213 1242 4275; x_wconf 75' lang='grc' dir='ltr'>νομοτριθής</span> <span class='ocrx_word' id='word_1_340' title='bbox 1252 4224 1309 4257; x_wconf 89' lang='lat' dir='ltr'><strong>usus</strong></span> <span class='ocrx_word' id='word_1_341' title='bbox 1318 4220 1355 4259; x_wconf 85' lang='lat' dir='ltr'>est</span> <span class='ocrx_word' id='word_1_342' title='bbox 1366 4218 1390 4256; x_wconf 91' lang='lat' dir='ltr'>et</span> <span class='ocrx_word' id='word_1_343' title='bbox 1398 4226 1471 4274; x_wconf 86' lang='lat' dir='ltr'><strong>supra</strong></span> 
     </span>
     <span class='ocr_line' id='line_1_36' title="bbox 379 4284 1470 4352; baseline 0.004 -19"><span class='ocrx_word' id='word_1_344' title='bbox 379 4284 434 4351; x_wconf 80' lang='lat' dir='ltr'><strong>fogo</strong></span> <span class='ocrx_word' id='word_1_345' title='bbox 446 4305 470 4334; x_wconf 76' lang='grc' dir='ltr'>ν.</span> <span class='ocrx_word' id='word_1_346' title='bbox 489 4284 517 4335; x_wconf 88' lang='lat' dir='ltr'>lo</span> <span class='ocrx_word' id='word_1_347' title='bbox 534 4284 622 4352; x_wconf 83' lang='lat' dir='ltr'><strong>quibus</strong></span> <span class='ocrx_word' id='word_1_348' title='bbox 639 4285 729 4335; x_wconf 76' lang='lat' dir='ltr'><strong>Horatii</strong></span> <span class='ocrx_word' id='word_1_349' title='bbox 750 4299 913 4350; x_wconf 80' lang='lat' dir='ltr'><strong>agnoscuntur</strong></span> <span class='ocrx_word' id='word_1_350' title='bbox 940 4304 965 4352; x_wconf 88' lang='lat' dir='ltr'>p.</span> <span class='ocrx_word' id='word_1_351' title='bbox 976 4289 1031 4343; x_wconf 72' lang='lat'>112,</span> <span class='ocrx_word' id='word_1_352' title='bbox 1042 4286 1161 4335; x_wconf 64' lang='lat' dir='ltr'><strong>ralttich.</strong></span> <span class='ocrx_word' id='word_1_353' title='bbox 1173 4287 1470 4337; x_wconf 84' lang='lat' dir='ltr'><strong>ChooiatesEoeooriols.</strong></span> 
     </span>
     <span class='ocr_line' id='line_1_37' title="bbox 380 4363 1470 4433; baseline 0.003 -22"><span class='ocrx_word' id='word_1_354' title='bbox 380 4364 489 4429; x_wconf 70' lang='lat' dir='ltr'><strong>vestigia,</strong></span> <span class='ocrx_word' id='word_1_355' title='bbox 496 4372 659 4423; x_wconf 76' lang='lat' dir='ltr'><strong>monstrante,</strong></span> <span class='ocrx_word' id='word_1_356' title='bbox 669 4363 710 4429; x_wconf 86' lang='lat' dir='ltr'>qui</span> <span class='ocrx_word' id='word_1_357' title='bbox 718 4380 805 4414; x_wconf 89' lang='lat' dir='ltr'><strong>nomen</strong></span> <span class='ocrx_word' id='word_1_358' title='bbox 815 4366 911 4426; x_wconf 83' lang='lat' dir='ltr'><strong>celavit,</strong></span> <span class='ocrx_word' id='word_1_359' title='bbox 940 4364 1067 4429; x_wconf 53' lang='grc' dir='ltr'>Λητωίς</span> <span class='ocrx_word' id='word_1_360' title='bbox 1082 4367 1092 4411; x_wconf 82' lang='lat' dir='ltr'><strong>t</strong></span> <span class='ocrx_word' id='word_1_361' title='bbox 1108 4385 1114 4413; x_wconf 83' lang='grc' dir='ltr'>ι</span> <span class='ocrx_word' id='word_1_362' title='bbox 1126 4371 1156 4422; x_wconf 75' lang='grc' dir='ltr'>ὡς</span> <span class='ocrx_word' id='word_1_363' title='bbox 1168 4367 1230 4415; x_wconf 82' lang='grc' dir='ltr'>εἴποι</span> <span class='ocrx_word' id='word_1_364' title='bbox 1240 4366 1268 4415; x_wconf 83' lang='grc' dir='ltr'>ἄν</span> <span class='ocrx_word' id='word_1_365' title='bbox 1277 4386 1312 4422; x_wconf 85' lang='grc' dir='ltr'>τις</span> <span class='ocrx_word' id='word_1_366' title='bbox 1322 4371 1470 4433; x_wconf 73' lang='grc' dir='ltr'>νομοτριθής,</span> 
     </span>
     <span class='ocr_line' id='line_1_38' title="bbox 382 4440 1216 4508; baseline 0.004 -17"><span class='ocrx_word' id='word_1_367' title='bbox 382 4440 490 4503; x_wconf 84' lang='lat' dir='ltr'><strong>editore,</strong></span> <span class='ocrx_word' id='word_1_368' title='bbox 509 4440 652 4502; x_wconf 87' lang='lat' dir='ltr'><strong>Verdierio,</strong></span> <span class='ocrx_word' id='word_1_369' title='bbox 670 4443 723 4491; x_wconf 90' lang='lat' dir='ltr'><strong>riro</strong></span> <span class='ocrx_word' id='word_1_370' title='bbox 744 4441 830 4501; x_wconf 80' lang='lat' dir='ltr'><strong>docto,</strong></span> <span class='ocrx_word' id='word_1_371' title='bbox 855 4444 910 4508; x_wconf 79' lang='lat' dir='ltr'><strong>qui,</strong></span> <span class='ocrx_word' id='word_1_372' title='bbox 973 4442 1090 4492; x_wconf 79' lang='lat' dir='ltr'><strong>&#39;Schot.:</strong></span> <span class='ocrx_word' id='word_1_373' title='bbox 1104 4446 1216 4507; x_wconf 78' lang='grc' dir='ltr'>ἐπίλογος.</span> 
     </span>
    </p>
   </div>
   <div class='ocr_carea' id='block_1_3' title="bbox 0 0 1857 5659">
    <p class='ocr_par' dir='ltr' id='par_1_6' title="bbox 0 0 1857 5659">
     <span class='ocr_line' id='line_1_39' title="bbox 0 0 1857 5659; baseline 0 0"><span class='ocrx_word' id='word_1_374' title='bbox 0 0 1857 5659; x_wconf 95' lang='lat' dir='ltr'> </span> 
     </span>
    </p>
   </div>
  </div>
 </body>
</html>
