3684 5659
744 650 747 657 .
831 590 988 654 ΜΕΛΕΤΗ
1012 580 1059 653 τ’.
1441 587 1488 657 47

390 729 515 803 ἐκείνοις
529 751 581 790 και
572 719 821 816 δυςροροῦντάς
839 718 1006 808 ἰδόντες,
989 726 1064 789 επαθ
1067 725 1098 789 όν
1114 749 1142 788 τι
1159 732 1217 790 τῶν
1231 725 1419 810 άόουλιίτων,
1434 731 1486 792 καί

389 841 611 913 ναυτιάσαντες
628 832 842 903 κακοσιτοίισι1
858 835 908 900 τὸν
927 835 1095 924 στόμαχον.
1115 817 1237 901 Ᾰλλ’
1192 881 1202 919 ,
1217 863 1242 902 ω
1255 839 1323 921 τάν,
1340 838 1407 901 οὔτε
1425 864 1487 903 κα-

392 958 525 1016 κοσιτεῖν
538 946 669 1023 ἐκείνους
682 946 819 1037 ἔγκλημά
835 971 881 1023 τις
898 952 926 1010 εί
926 971 976 1012 ποι
994 953 1047 1012 τοῦ
1066 950 1184 1038 ἰατροῦ,
1206 947 1285 1012 ἀλλά
1301 941 1489 1039 περιπετείας

388 1058 470 1133 τινὸς
497 1053 668 1142 σόμόαμα,
693 1053 750 1118 κάν
778 1052 811 1117 ἐκ
837 1058 891 1117 τοῦ
915 1054 1051 1140 πόματος
1077 1057 1168 1142 ἔσχον
1194 1059 1247 1119 τοῦ
1276 1061 1379 1131 κακῶς
1409 1059 1488 1144 ἔχειν

389 1169 447 1244 τὰς
475 1167 640 1259 ἀφορμάς·
671 1165 738 1228 οὔτε
764 1163 798 1228 τό
826 1161 895 1239 τοὺς
923 1145 1049 1239 πολίτας
1074 1163 1269 1251 λιμώττειν)
1256 1166 1326 1252 εμὸν
1350 1166 1489 1256 ἔγκλημα

390 1281 478 1350 δόσει
497 1302 543 1354 τις
560 1276 770 1368 εὐγνωμονῶν,
793 1276 850 1340 κάν
867 1274 901 1340 ἐκ
918 1284 971 1351 τῆς
985 1276 1097 1352 εἰκόνος
1115 1277 1142 1341 οἱ
1160 1279 1353 1369 καταίροντες
1370 1277 1488 1343 ε’κωλό

392 1391 505 1459 θησαν.

440 1479 605 1581 Ηδίκησα,
624 1492 708 1589 φής’,
729 1491 912 1581 δημοσίᾳ
883 1519 936 1566 την
952 1496 1051 1561 πόλιν.
1072 1496 1149 1587 Λέγε
1167 1497 1219 1560 καί
1239 1520 1267 1560 τι
1262 1492 1415 1586 πράξας,
1435 1498 1488 1561 καί

390 1610 422 1672 τί
437 1604 693 1694 βουλευσάμενος.
712 1610 782 1681 Τοῖς
797 1603 950 1691 πολεμίοις
967 1601 1132 1696 προῦδωκα
1149 1606 1307 1698 φρούριονς
1322 1605 1401 1671 ἀλλὰ
1417 1612 1490 1683 ναῦς

394 1717 556 1794 έπιόάταις
579 1718 646 1804 άμα
668 1711 824 1780 κατέδυσα
848 1710 1037 1794 ε’ξεπίτηδες;
1065 1716 1145 1782 ἀλλά
1168 1726 1230 1792 τοῖς
1253 1717 1426 1794 ἀντιπάλοις
1450 1720 1489 1781 τά

392 1829 552 1919 ἀπόρρητα
576 1836 629 1904 τῆς
647 1827 762 1903 πόλεως
783 1828 998 1913 κατεμήνυσα;
1023 1827 1102 1892 ἀλλά
1123 1826 1293 1919 πρεσόεόων
1312 1831 1490 1919 προηκάμην

393 1934 501 2029 δώρων
516 1939 568 2010 τὴν
582 1933 736 2030 πατρίδα;
753 1937 833 2003 ἀλλά
847 1946 1023 2029 στρατηγῶν
1034 1941 1125 2016 ἥττης
1138 1935 1169 2014 ἐξ
1186 1938 1329 2026 ἀμελείας
1341 1948 1404 2015 τοῖς
1420 1941 1491 2026 ἠμε-

392 2048 492 2141 τέροις
506 2045 644 2140 πρόξενος
656 2048 767 2140 γέγονα
779 2073 787 2126 ;
802 2052 906 2112 Ταῦτα
924 2049 1043 2138 γνώμης
1055 2052 1202 2126 κακίστης
1214 2057 1267 2125 τῆς
1280 2050 1354 2139 πρὸς
1370 2050 1423 2120 τὴν
1440 2051 1491 2115 πό·

392 2159 440 2224 λιν
453 2169 584 2247 σημεῖα,
600 2165 699 2224 ταῦτα
717 2155 871 2246 δημοσίων
889 2155 1088 2246 ἀδικημάτων
1106 2160 1295 2252 ἐγκλήματα.
1314 2160 1461 2226 Τούτων’
1449 2163 1491 2225 ενί

392 2294 450 2335 τινι
464 2267 561 2348 δεῖξον
576 2275 680 2360 ἔνοχον
697 2271 746 2335 τὸν
764 2272 867 2362 ζωγρ
846 2292 920 2362 αρον
938 2269 1001 2357 ε’μέ.
1021 2253 1079 2337 Επί
1097 2273 1193 2360 τούτῳ
1207 2272 1405 2366 προόαλοῦ
1376 2298 1410 2338 το
1428 2270 1488 2345 δη-

393 2383 513 2470 μόσιον.
533 2358 601 2459 Εως
618 2378 740 2447 δ’ἀν
705 2408 747 2470 μη
765 2384 848 2470 ἔχοις
863 2377 1014 2446 δεικνύναι
1032 2378 1225 2468 δημοσίαν
1195 2406 1248 2451 την
1263 2382 1335 2469 ε’μὴν
1350 2386 1490 2471 μεταχεί-

393 2517 485 2583 ρισιν,
500 2519 542 2580 μη
529 2493 647 2584 λέγε,
666 2500 724 2558 κάν
735 2517 764 2557 τι
781 2502 921 2580 πταῖσμα
937 2491 1044 2563 συνέὸη
1062 2518 1123 2583 παρ
1127 2491 1309 2575 ’άλλων,
1282 2517 1336 2556 ουκ
1353 2488 1413 2567 ἐξ’
1400 2497 1486 2579 εμοῡ,

395 2597 540 2689 δημόσιον
557 2604 591 2668 τὸ
610 2599 763 2690 ἀδίκημα.

443 2692 551 2778 Επί’
521 2708 599 2778 τισιί
616 2717 675 2805 γάρ
693 2738 731 2800 με
747 2738 799 2776 και
821 2701 1010 2842 κρίνεις;ε’ρ’
1032 2736 1076 2786 οις
1092 2735 1151 2801 εγω
1163 2735 1314 2782 πεποιηκα
1330 2736 1488 2798 μονοις,η

372 2830 376 2837 ’
394 2820 440 2888 ε’πί
454 2834 517 2901 τοῖς
534 2829 737 2913 συμπεσοῦσιν
751 2821 891 2914 όστερον;
907 2820 989 2888 Εἰ
959 2847 1011 2910 μεν
1026 2821 1071 2886 ἐπὶ
1084 2829 1146 2896 τοῖς
1160 2817 1283 2912 ὕστερον
1296 2821 1490 2908 συμόοῖσι,’
1460 2848 1488 2886 τι

395 2937 494 3011 ζητεῖς
508 2935 707 3026 ἀπολογίαν’
695 2933 745 3022 εμὲ
763 2933 808 3069 ἐρ’
823 2929 867 3010 οἷς
881 2960 907 2998 οι
900 2934 1061 3008 πλέοντες
1077 2935 1293 3012 πεποιήκασιν;
1310 2914 1484 2998 Εκείνων
1455 2959 1489 2998 το

394 3046 500 3136 ἔργον·
517 3046 725 3110 έκείνωνὲστω
742 3047 793 3109 καί
812 3072 831 3116 η
822 3045 1012 3136 ’ἀπολογία
1033 3025 1304 3154 Εκείνοιςέγκοίλει
1321 3046 1372 3108 καὶ
1394 3047 1487 3175 κρίνε,

394 3161 452 3219 εἴτε
473 3150 627 3243 δημοσίων
650 3151 860 3242 ἀδικημάτων,
884 3161 943 3219 ε’ίτε
965 3181 1016 3218 και
1038 3157 1093 3241 μή.
1115 3135 1265 3219 Εκεῖνοι’
1253 3160 1352 3247 εροῡσι
1372 3164 1436 3232 πῶς
1455 3155 1489 3221 οὐ

393 3267 604 3356 καταίρουσιν,
622 3264 665 3331 ότι
680 3268 732 3330 καὶ
748 3266 832 3352 μόνοι
846 3259 1048 3330 συνοίδασιν
1036 3275 1155 3340 εαυτοῖς
1172 3262 1348 3357 πράξαντες
1363 3245 1439 3352 Εμοί
1455 3261 1489 3329 δὲ

393 3379 423 3442 τί
439 3380 492 3443 καὶ
510 3377 594 3465 μέλοι
611 3374 734 3454 τούτους
753 3376 815 3441 οὔτ’
835 3372 951 3467 ἔπραξα
967 3379 1042 3468 γάρ,
1059 3375 1122 3439 οὔτ’
1142 3376 1178 3439 ἀν
1196 3371 1316 3450 δίκαιος
1332 3383 1394 3445 εἴην
1411 3378 1489 3440 ἀπο-

393 3488 550 3579 λογεῖσθαι
569 3488 642 3579 πρὸς
659 3489 693 3552 τὸ
706 3487 858 3579 πραχθέν.
880 3490 916 3551 Εἰ
936 3484 966 3551 δ’
983 3484 1028 3577 ἐφ’
1053 3481 1099 3560 οἷς
1121 3485 1181 3576 ἐγὼ
1200 3489 1350 3557 πεποίηκα
1367 3488 1418 3550 καί
1438 3487 1490 3555 τὴν

393 3606 453 3665 τῶν
470 3600 624 3690 ναυαγίων
642 3599 744 3663 εἰκόνα
761 3597 807 3663 ἐπὶ
825 3605 883 3663 τῶν
897 3597 1022 3684 λιμένων
1040 3599 1175 3682 ἔστησα,
1193 3595 1253 3688 ε’γὼ
1270 3595 1323 3685 μὲν
1335 3599 1490 3688 ἄνθρωπος

395 3707 472 3776 εἶναι
489 3710 647 3802 ὁμολογῶ,
668 3713 746 3786 θεοῖς
769 3705 802 3774 δέ
826 3711 928 3797 μόνοις
948 3711 982 3774 τὸ
1001 3708 1107 3797 μέλλον
1131 3705 1203 3774 οἰδα
1225 3711 1345 3801 προςόν.
1366 3713 1402 3774 Εἰ
1419 3714 1491 3801 γοῦν

395 3824 512 3913 ἀγνοῶν
529 3823 563 3886 τὸ
580 3819 688 3909 μέλλον
704 3820 786 3886 τοῦτ’
804 3824 961 3912 ἔπραττον,
986 3821 1026 3896 ὡς
1045 3822 1145 3904 εἰκός,
1171 3824 1226 3902 σοί,
1243 3822 1277 3886 τὸ
1301 3823 1343 3908 μη
1364 3829 1490 3912 σιγῆσαι

393 3933 497 3999 λοιπὸν
508 3928 556 4018 ἦν,
573 3939 653 4024 εἰπερ
666 3928 750 4023 ᾕδεις
764 3933 798 3997 τὸ
812 3933 1022 4023 γενησόμενον.
1036 3934 1087 4008 Τίς
1104 3934 1201 3997 τοίνυν
1219 3928 1282 3997 εἶδέ
1295 3957 1330 3997 σε
1348 3934 1415 3997 τότε
1430 3957 1492 3995 κω-

393 4042 523 4123 λύοντα;
549 4046 596 4121 τίς
620 4044 735 4116 ἀκήκοέ
761 4067 815 4108 σου
844 4044 941 4135 ρωνίην
965 4043 1011 4109 ε’πί
1038 4042 1145 4106 τούτου
1168 4048 1220 4106 τοῦ
1245 4039 1402 4129 βήματος,
1428 4042 1487 4125 ὡς,

429 4268 438 4295 ¹
449 4267 557 4319 Verbum
569 4278 607 4318 eat
621 4268 771 4320 rarissimum
788 4276 929 4327 κακοσιτιῖν,
990 4265 1000 4291 ³
1012 4263 1106 4318 Sch01.:
1119 4269 1148 4321 ὡς
1164 4272 1343 4333 παραγραρικὸν
1360 4273 1430 4319 τοῦτο
1441 4269 1491 4326 εἰς·

395 4367 406 4392 ι
422 4346 543 4398 ειοτιιηοίιί
552 4347 612 4398 vitio
622 4347 734 4398 laborare
747 4366 767 4395 ι.
958 4350 1051 4407 ἄγεται.
1067 4339 1137 4393 Ἰδιον
1158 4349 1199 4395 τοῦ
1216 4348 1322 4395 τοιούτου
1340 4355 1488 4414 ζητήματος,

428 4425 438 4452 ¹
451 4424 548 4478 schol-t
564 4427 624 4496 ὅρος.
959 4430 997 4475 καί
1009 4423 1049 4474 υἰιιι
1064 4424 1112 4488 ίχτι
1126 4428 1252 4492 ὡρισμένον
1262 4430 1343 4477 τόπον.
1408 4458 1410 4462 ,
