3684 5659
433 620 502 691 {20
770 625 806 684 Γ.
834 623 909 684 ΤΟΥ
934 619 1190 682 ΠΑΧΥΜΕΡΟΥΣ

433 757 512 835 ξένον
542 760 584 832 εἰς
609 765 712 845 τεῖχος
738 754 939 847 άνέρχεσθαι;
967 735 1016 819 ίδε
1031 755 1095 849 Ιτήν
1130 753 1202 841 ε’μήν
1229 751 1433 844 προαίρεσινί.
1460 754 1528 828 Πῶς

431 868 573 951 ἀνῆλθον,
594 870 646 932 καὶ
664 865 710 931 ἐπί
729 868 759 930 τί
775 865 924 957 ἐρήσομαί
942 888 990 929 σε.
1010 863 1050 927 Σίν
1069 859 1098 928 δ’
1118 865 1291 955 ἀπόκριναι.

482 955 557 1042 ἑστι
571 978 638 1042 τινά
652 975 748 1066 λέγειν
763 976 804 1062 μή
817 976 958 1066 πρότερον
971 970 1167 1045 διανοηθέντα
1181 972 1239 1038 ότι
1252 974 1305 1038 καί
1320 969 1428 1048 λέξειεν
1435 994 1445 1055 3
1466 977 1529 1039 ἔστι

433 1092 501 1155 τινά
522 1091 645 1180 γράφειν
663 1087 692 1151 ἐν
709 1082 842 1167 δέλτοις,
863 1087 915 1149 καί
934 1090 1032 1150 ταῦτα
1049 1086 1157 1171 νόμους
1174 1083 1308 1168 κοινούς,
1328 1084 1370 1171 μὴ
1388 1086 1530 1177 πρότερον

435 1195 718 1286 διασκοπήσάμενον
735 1196 752 1262 ό
767 1221 796 1260 τι
816 1198 1010 1283 νομοθετήσοι
1030 1197 1081 1259 καὶ
1103 1194 1120 1259 ό
1140 1219 1169 1258 τι
1189 1195 1324 1285 γράψοι,
1348 1197 1373 1259 εί
1398 1197 1530 1260 συνοίσει

434 1308 673 1396 πολιτευόμενον,
688 1302 919 1396 καὶ1ή’βλά6ην
934 1304 1055 1392 ἐκκόψει
1067 1305 1087 1376 t
1098 1301 1272 1395 προξενήσει
1282 1304 1444 1397 ὠφέλειαν;
1459 1286 1531 1397 Εγὼ

434 1418 489 1508 μὲν
502 1412 553 1485 οὖν
570 1415 639 1484 οὐδὲ
655 1418 706 1483 τόν
723 1416 826 1492 ἁπλῶς
842 1416 946 1508 λόγον,
961 1416 1002 1503 μή
1020 1415 1064 1481 ότι
1081 1416 1250 1506 γενόμενον,
1267 1419 1365 1504 μάτην
1381 1413 1455 1481 τιν’8
1471 1412 1533 1493 ἐξε-

436 1539 498 1621 μεῖν
517 1528 629 1617 είποιμί
647 1535 698 1594 σ’ίν.

486 1640 602 1728 Σκέψαι
618 1642 715 1706 τοίνυν
731 1640 781 1705 τὸν
797 1645 850 1704 τοῦ
867 1639 1029 1727 νομοθέτου
1043 1640 1169 1716 σκοπόν,
1190 1640 1276 1730 ἀφεῖς
1290 1642 1331 1704 τά
1347 1641 1531 1731 γράμματα.

438 1733 558 1844 Ιδξηγού
575 1751 626 1816 τὸν
642 1751 731 1837 νόμον
755 1751 807 1816 καί
829 1758 892 1824 τοῖς
914 1747 1016 1840 λόγοις
1033 1748 1181 1841 ἐγάρμοζε
1198 1750 1250 1820 τήν
1268 1746 1422 1841 ἐξήγησιν.
1443 1745 1534 1814 Οἶδεν

440 1864 456 1929 ὁ
471 1861 630 1950 νομοθέτης
646 1858 716 1935 τοὺς
734 1856 851 1944 ξένους,
870 1858 915 1925 ότι
934 1859 968 1924 οὐ
983 1861 1092 1935 πάντες
1106 1861 1220 1951 άγαθοί
1227 1905 1237 1943 ,
1258 1858 1292 1924 οὐ
1309 1862 1419 1935 πάντες
1436 1850 1532 1941 εὖνοι,

439 1972 514 2038 όπου
544 1970 612 2037 ποτ’
639 1971 676 2035 ἂν
701 1969 880 2056 ε’ττιστώσιν,
911 1969 980 2037 ἀλλ’
1003 1971 1034 2036 οἱ
1059 1969 1163 2036 πολλοὶ
1190 1969 1301 2035 τούτοιν
1325 1973 1533 2036 κατάσκοποι.

440 2063 643 2175 Ᾰνελογίσατο
666 2080 716 2145 τὸν
735 2079 782 2147 ε’πῖ
803 2084 912 2173 Τροίαν
920 2078 943 2166 ”,
967 2083 1020 2147 καί
1039 2074 1126 2157 αὖθις
1148 2082 1198 2146 τόν
1217 2081 1263 2147 ε’πί
1284 2081 1468 2147 eateten-
1491 2074 1537 2156 οἷς

440 2195 565 2287 φανερὸν
584 2192 629 2259 ότι
653 2189 746 2277 ξένοι,
775 2191 828 2257 ούιι
850 2188 972 2269 sinito*
986 2203 1051 2268 τοῖς
1069 2192 1207 2268 πολίταις
1223 2188 1338 2277 ε’δόκει,
1358 2196 1383 2257 εί
1401 2193 1445 2280 μή
1467 2192 1535 2279 μώ-

441 2306 545 2381 λωπας
561 2305 613 2371 καί
631 2306 737 2379 ποινάς
754 2299 834 2369 εἶδον
851 2302 898 2370 ε’πί
917 2310 970 2370 τοῦ
987 2299 1158 2392 σώματος“.
1178 2305 1238 2369 Καὶ
1256 2300 1349 2379 ούτως
1367 2307 1410 2379 είς
1426 2297 1538 2369 κακὸντ

443 2415 564 2493 ἑαυτοῖς
580 2418 709 2506 εῖςῆγον,
728 2416 831 2491 καθὼς
848 2411 970 2490 ἔδειξά.

491 2530 549 2593 Διά
564 2531 653 2592 τοῦτο
668 2528 720 2591 καί
740 2522 801 2591 δεῖν
818 2530 893 2618 ἔγνω
911 2529 1079 2614 νομοθετεῖν
1096 2525 1142 2591 ἐπὶ
1163 2524 1297 2610 τούτοις,
1317 2526 1370 2591 καί
1388 2526 1441 2590 τὸν
1457 2521 1538 2602 ξένον

442 2638 567 2711 κωλύειν
583 2647 636 2714 τῆς
653 2637 698 2703 ε’πῖ
716 2639 750 2703 τό
767 2647 871 2727 τεῖχος
888 2634 999 2704 ἀνόδου
1016 2638 1068 2703 καί
1087 2646 1140 2714 τῆς
1158 2636 1205 2703 ἐπ’
1224 2636 1317 2702 αὐτοῦ
1333 2638 1487 2712 στάσεως.

493 2725 571 2812 (λλον
596 2747 699 2839 ἐρεύνα
717 2748 797 2836 κάμέ
804 2795 814 2833 ,
840 2751 892 2814 καῖ
915 2750 1022 2815 σκόπει
1048 2749 1101 2820 τήν
1124 2748 1196 2837 ἐμήν
1218 2745 1338 2840 πρᾶξιν,
1361 2749 1415 2812 καὶ
1435 2772 1538 2812 κοιτα-

444 2858 576 2944 μάνθανε
598 2857 650 2926 τὴν
672 2860 859 2949 προαίρεσιν.
886 2859 964 2922 Ούτε
985 2860 1044 2950 γάρ
1070 2857 1181 2934 ἐκεῖνος
1202 2857 1305 2933 άπλὼς
1331 2860 1449 2934 πάντας
1470 2857 1541 2933 τοὺς

445 2964 545 3043 ξένους
562 2964 687 3031 κωλύειν
704 2972 777 3053 ᾤετο
796 2963 871 3053 δεῖν,
891 2969 971 3035 άλλά
991 2969 1060 3045 τοὺς
1081 2969 1127 3034 ἐπὶ
1148 2965 1269 3054 δνςνοίᾳ
1285 2969 1337 3033 καὶ
1356 2975 1540 3056 κατασκοπῇ

445 3082 498 3142 τοῦ
519 3074 738 3164 πολίσματοςθ·
754 3078 804 3142 τὸν
823 3074 868 3163 δ’,
889 3082 913 3143 εί
938 3075 1126 3164 άνέλθοιενω,
1147 3078 1381 3170 εὐεργετήσοντα
1401 3079 1455 3143 καί
1472 3078 1541 3144 λίαν

482 3261 605 3312 'Sohol.:
624 3263 716 3313 διάνοια
746 3269 788 3313 τοῦ
815 3266 936 3332 φεύγοντος
958 3265 981 3312 ἐν
1042 3262 1171 3329 ⁰Respicit
1192 3264 1355 3313 narrationem
1372 3261 1490 3313 Herodoti
1510 3259 1543 3310 de

448 3341 528 3409 τούτῷ
540 3348 580 3390 κοιλ
594 3347 776 3407 τοῦνομοθῖτου.
1007 3343 1105 3407 Zopyro
1121 3342 1162 3408 qui
1180 3358 1207 3392 se
1220 3343 1339 3392 mutilavit
1353 3340 1503 3402 immaniter,
1515 3349 1543 3390 ut

483 3418 614 3471 'Fortasse
625 3424 658 3480 εἰ,
671 3421 796 3471 ἰοιεοίοιιιο
808 3421 917 3486 juvante.
1008 3421 1086 3485 ipsum
1100 3421 1241 3486 reciperent
1251 3420 1388 3486 Babylonii.

482 3497 606 3558 ⁸Cndex,
626 3508 671 3558 τίς.
697 3499 789 3565 Scripsi
816 3502 871 3550 τιν’.
898 3498 983 3549 Codex
1043 3498 1165 3548 'Videtur
1180 3514 1234 3548 esse
1250 3501 1319 3548 καλόν
1335 3497 1359 3547 in
1378 3497 1475 3548 codice.
1494 3496 1542 3546 Sed

449 3576 575 3641 distinguit
587 3583 781 3644 ροεῖγενόμενσν.
794 3579 840 3630 Pro
852 3584 980 3644 γενόμενον,
1008 3593 1048 3627 res
1065 3578 1133 3628 ducit
1150 3578 1249 3627 omnino
1265 3577 1297 3626 nd
1315 3582 1394 3628 κακόν.
1415 3576 1478 3627 Sunt
1494 3591 1545 3626 no-

449 3655 539 3719 npinor
564 3656 694 3720 legendum
719 3660 821 3708 fortasse
847 3663 982 3723 λεγόμενον·
1009 3656 1075 3705 mina
1086 3655 1175 3706 similia
1188 3671 1218 3706 ae
1227 3655 1317 3721 possim
1331 3657 1443 3706 confusa.

452 3733 647 3797 «uindictam,
670 3734 721 3799 jam
742 3736 834 3786 dietum
856 3747 882 3786 et
905 3736 938 3786 ob
958 3735 983 3785 id
1043 3733 1166 3785 ⁸Scilicet
1177 3736 1250 3797 ἔδειξε
1263 3743 1290 3786 τὸ
1302 3737 1378 3802 ἔργον.

451 3826 516 3861 nuno
526 3813 656 3877 repetitum
669 3831 692 3863 ι.
1043 3812 1168 3863 ⁹Videtur
1188 3812 1289 3863 verbum
1308 3815 1410 3874 deesse,
1425 3812 1493 3879 quod
1512 3813 1544 3863 nd

483 3886 615 3955 ‘Ulyssem
624 3889 702 3941 innuit
714 3890 869 3940 Homericum
877 3901 902 3940 et
913 3892 984 3941 Euri·
1011 3896 1063 3950 τοὺς
1071 3892 1200 3954 referatur,
1208 3894 1389 3957 ἐπιδημοῦντας,
1396 3893 1546 3954 ἀνελθόντας,

450 3967 983 4035 pideum,ncetatimZopyrumHerodoteum.
1011 3974 1190 4040 ἀνεμχομένους,
1207 3973 1388 4027 διναθαῖνοντας.
1400 3969 1477 4019 aliud.

486 4045 497 4071 ⁸
508 4047 535 4096 ln
549 4047 635 4097 codice
649 4064 698 4097 non
716 4058 754 4098 eet
767 4049 860 4098 laeuone
873 4050 984 4114 signnm,
1045 4049 1068 4077 ⁴⁰
1078 4051 1119 4101 Sio
1133 4052 1220 4102 codex.
1232 4053 1330 4102 Formae
1342 4052 1434 4102 similes
1444 4051 1547 4118 optativi

450 4123 495 4173 sed
514 4137 569 4188 post
586 4131 645 4187 ξένοι
662 4126 710 4177 dnn
728 4136 819 4193 puncta
833 4127 858 4177 in
872 4144 984 4178 versuum
1011 4134 1166 4188 καταλάθοιε,
1180 4132 1300 4195 διαμένοιε
1316 4131 1384 4195 attigi
1402 4129 1434 4179 ad
1450 4129 1547 4179 Aneed.

451 4203 581 4255 interstitio
596 4207 676 4271 posita
688 4207 804 4258 lectorem
816 4207 942 4259 remittunt
954 4207 985 4256 ad
1012 4209 1053 4258 Gr.
1071 4219 1091 4257 t.
1102 4208 1143 4266 lV,
1157 4225 1200 4273 pp.
1221 4210 1281 4269 155,
1299 4210 1358 4258 404.
1372 4209 1472 4259 Τιειιει
1483 4209 1550 4259 ieri-

452 4295 520 4330 oram
541 4284 650 4348 pagine,
671 4287 712 4336 ubi
737 4291 812 4338 λείπει
838 4286 985 4353 compendio
1012 4288 1268 4352 μσίιλάίοιεῦίιιί.λ,
1283 4288 1548 4357 8ῖ8,ειγε’μοιεῦίιί1.

451 4357 569 4423 seriptum
581 4377 630 4411 non
644 4362 757 4415 obscuro.
770 4392 799 4401 —
815 4365 850 4415 Ιλε
866 4365 985 4429 atijectivo
1013 4369 1043 4424 3,
1056 4367 1100 4415 8οῖ
1115 4387 1121 4414 ι
1134 4375 1184 4432 Mitt
1199 4373 1235 4422 νηῒ
1250 4371 1261 4417 ὁ
1278 4364 1390 4433 Ἡρακλῆς
1403 4374 1461 4432 πρὸς
1477 4363 1550 4431 Ἀμει-

452 4437 536 4493 εῖςιτός
552 4437 606 4487 tide
620 4456 645 4503 p.
662 4443 700 4492 tt.
1012 4448 1078 4504 ζόνοις
1097 4447 1182 4507 πλέων,
1198 4441 1236 4502 Ὠς
1249 4441 1386 4501 Ἱππολύτης
1402 4451 1481 4513 pipare
1499 4455 1549 4507 ζω-
