3684 5659
811 630 968 693 ΜΕΛΕΤΗ
994 619 1034 693 B'.
1416 631 1464 698 27

372 761 557 852 μαλάττων1
579 766 666 829 παντὶ
691 767 828 852 σχήματι
851 764 925 853 πρὸς
945 764 978 826 τό
999 765 1195 855 ἡμερώτερον.
1224 765 1260 828 Τι’
1283 766 1322 830 τά
1344 767 1462 846 πολλά;

371 873 593 962 ὑπομιμνήσκει
610 873 661 938 τὸν
683 872 794 964 λόγον·
816 868 900 938 δοκεῖ
920 881 962 960 τῷ
981 876 1133 965 τυράννῳ,
1157 877 1209 939 καὶ
1233 876 1381 968 παρευθὺς
1402 883 1464 955 εἰς·-

370 988 504 1076 άγομαι.
1396 1032 1398 1037 .

421 1076 548 1165 ὁπόσην
575 1099 648 1182 γοῦν
676 1095 814 1170 κάκεῖνος
843 1095 916 1186 πρὸς
947 1094 1049 1166 εὐτελῆ
1078 1094 1204 1186 γέροντα
1231 1097 1283 1168 τήν
1311 1093 1466 1171 δεινότητα

372 1201 560 1294 ἐσχεδίαζε,
579 1206 631 1270 καὶ
651 1205 730 1280 ὅπως
742 1210 847 1296 ἄγριον
861 1200 933 1280 ήθος
945 1201 976 1281 ἐξ
987 1207 1086 1297 ἀρχῆς
1100 1201 1215 1270 ἐδείκνυ
1225 1210 1276 1272 καί
1290 1210 1466 1300 ἀπαραίτη-

371 1337 437 1398 τον,
465 1316 523 1379 καί.
541 1315 639 1390 πόσας
663 1305 749 1389 αὑθις
774 1316 889 1405 μορφὰς
919 1313 965 1379 ἐπὶ
989 1321 1042 1401 τοὺ
1066 1317 1241 1406 προςώττου,
1266 1317 1335 1393 τοὺς
1358 1318 1466 1409 λόγους

373 1424 506 1510 ἀκούων,
526 1424 687 1516 ὑπέφαινε,
703 1427 733 1489 τί
749 1425 808 1515 χρὴ
826 1424 939 1515 λέγεινς
959 1424 1027 1490 ἀλλ’
1040 1425 1121 1512 ὅμως
1137 1425 1197 1516 ἐγὼ
1215 1427 1277 1504 ἑνὸς
1295 1426 1378 1505 άπαξ
1394 1453 1467 1495 σκο-

372 1541 431 1600 ποῦ
448 1537 605 1628 γενόμενος
612 1583 623 1620 ,
639 1536 673 1600 τό
690 1537 743 1606 τήν
760 1535 858 1620 πόλιν,
872 1539 902 1615 ,εἰ
921 1532 1090 1620 δυνηθείην,
1112 1536 1294 1628 ἐλευθεροῦν,
1315 1541 1371 1604 κᾶν
1391 1549 1419 1606 εἴ
1437 1566 1465 1606 τι

371 1647 523 1733 συμπέσοι
540 1673 591 1734 μοι
607 1643 719 1730 ἀηδές,
739 1646 794 1711 οὑκ
812 1649 910 1716 άνήκα
926 1650 1042 1721 πάντας
1059 1656 1147 1711 κινῶν
1164 1648 1327 1739 λογισμοὺς
1342 1652 1415 1740 πρὸς
1432 1655 1465 1717 τὸ

373 1766 496 1841 πεῖσαι,
518 1760 582 1823 κάκ
601 1761 718 1822 πάντων
742 1757 899 1847 ἐπιχειρῶν
920 1759 993 1849 πρὸς
1012 1759 1046 1821 τὸ
1066 1755 1201 1845 μαλάξαι
1217 1761 1252 1824 τὸ
1268 1759 1397 1853 σκληρόν
1414 1771 1466 1838 τῆς

372 1867 513 1956 γνώμης,
533 1869 585 1931 καὶ
608 1875 785 1958 τυραννικῆς
803 1865 985 1955 αὐτονομίας
1001 1868 1227 1960 περιγενέσθαι,
1245 1872 1296 1935 καὶ
1312 1875 1467 1963 κατορθῶ-

371 2001 429 2041 σαι
447 1978 481 2041 τὸ
498 1974 753 2065 σπουδαζόμενον.

424 2085 500 2154 Εἷδέ
521 2113 567 2166 τις
588 2091 655 2155 τότε
677 2093 780 2179 μάχην
803 2090 877 2182 παρ’
891 2092 1064 2184 ἀμφοτέρων
1085 2096 1137 2158 καὶ
1162 2093 1290 2180 πόλεμον
1311 2101 1463 2185 ἄντικρυς.

372 2176 496 2291 Ῠθριζεν
513 2199 636 2284 ἐκεῖνος,
651 2203 704 2265 καὶ
725 2201 824 2292 μωρὸν
842 2202 986 2267 ἀπεκάλει
1005 2207 1029 2267 εἰ
1047 2203 1162 2278 τούτοις
1181 2206 1316 2296 αἱρήσειν
1335 2205 1463 2276 ἤλπισα.

373 2311 568 2402 Παρεκάλουν
584 2310 657 2400 ἐγώ,
674 2313 843 2376 άντετίθουν
858 2313 892 2376 τό
906 2315 1044 2378 ταπεινόν
1058 2332 1066 2348 ·
1082 2313 1303 2401 ὑπεμίμνησκον
1319 2319 1463 2400 θανάτου,

371 2423 426 2486 καί
441 2417 589 2505 ἀδοξίας,
607 2424 632 2485 εἰ
651 2418 744 2496 οὑτως
760 2425 840 2510 ἔχων
857 2420 998 2506 ἀπέλθοι,
1015 2426 1067 2488 καὶ
1088 2420 1178 2498 δόξης
1195 2417 1248 2505 αὑ,
1268 2428 1293 2488 εἰ
1309 2425 1465 2511 μεταθλη-

373 2533 512 2602 θήσεται.
534 2533 713 2622 Κατετρρόνει
730 2531 824 2622 γελῶν
839 2531 969 2608 ἐκεῖνος;
991 2531 1050 2622 ε’γὼ
1068 2528 1120 2615 δέ,
1140 2534 1174 2596 τὸ
1195 2528 1389 2620 κηδεμονικόν
1407 2533 1464 2620 ἐμ-

373 2639 514 2733 τραίνωιθ,
534 2637 694 2733 ἐδάκρυον.
715 2623 875 2729 Ᾰπέπεμπε
894 2641 1053 2734 σοθοιρῶςς
1077 2643 1137 2733 ἐγὼ
1154 2638 1188 2707 δὲ
1205 2652 1352 2719 ταπεινῶς
1367 2669 1463 2734 προς-

373 2755 505 2843 ερυόμην
520 2762 582 2828 τοῖς
595 2754 717 2844 γόνασι.
730 2753 821 2828 Τέλος
837 2751 965 2843 ἐγύμνου
980 2754 1014 2817 τὸ
1029 2749 1110 2843 ξίφος
1123 2779 1132 2833 ;
1155 2753 1215 2845 ἐγὼ
1232 2751 1262 2818 δ’
1276 2753 1399 2844 ὑπεῖχον
1415 2756 1465 2820 τὸν

373 2862 526 2963 τράγφλον
542 2860 587 2938 εἰςΙ
602 2865 735 2953 σφαγήν.
755 2865 814 2927 Καὶ
833 2865 862 2926 τί
878 2859 926 2927 δεῖ
942 2889 978 2952 με
997 2864 1125 2955 λέγοντα
1141 2865 1357 2956 παρενοχλεῖν;
1376 2867 1465 2956 μόγις

374 2974 426 3037 καὶ
441 2975 518 3059 μετὰ
532 2974 646 3064 μακρόν
660 2974 767 3064 χρόνον
779 2965 890 3060 μαθὼν
900 2975 941 3049 ὡς
955 2974 989 3039 οὑ
1004 2978 1182 3064 καθυφήσω,
1201 2975 1258 3040 κάν
1274 2981 1302 3040 εί
1316 3001 1345 3040 τι
1362 2979 1463 3061 πάθω,

374 3083 431 3148 κᾶν
445 3090 474 3149 εί
484 3108 513 3149 τι
527 3086 578 3149 καί
598 3079 742 3175 γένοιτοθ,
762 3087 928 3175 κρείττονος
943 3088 1057 3176 γίνεται
1071 3086 1237 3176 λογισμοῦ,
1253 3088 1326 3151 θεῶν
1338 3086 1464 3174 ἁψαμέ-

373 3349 435 3399 οἷκον
446 3356 535 3417 κυρίου·
550 3367 562 3392 ι
575 3347 671 3408 miseri,
683 3346 751 3396 vobis
764 3346 837 3411 igitur
846 3363 907 3411 per·
934 3351 1043 3398 ἑστάοτα.
1061 3347 1175 3397 Nonnihil
1194 3347 1271 3398 οὐκέτι
1289 3347 1391 3412 impedit
1408 3365 1468 3399 ora-

373 3427 474 3476 missum
497 3427 542 3476 suit
561 3443 608 3490 pro
629 3424 699 3474 libitu
717 3425 838 3489 dogmatis
855 3425 906 3483 uti,
935 3426 1034 3474 tionem.
1056 3424 1169 3474 Fortasse
1186 3428 1271 3482 εἰςέτι,
1286 3426 1341 3483 vel,
1361 3427 1467 3490 repetito

374 3514 400 3554 et
416 3515 485 3570 patet
503 3505 582 3554 aditus
604 3505 628 3552 in
653 3503 752 3552 domum
774 3504 905 3552 domini.»
934 3504 1001 3562 οὑδὲ,
1026 3503 1073 3552 οὐδ’
1097 3503 1209 3570 λλὲραντα
1232 3503 1284 3552 οὑδέ
1302 3523 1370 3552 τι....
1389 3504 1474 3552 simili·

375 3583 456 3632 Editio
470 3585 491 3640 ἐς
502 3583 515 3633 ό
527 3604 551 3633 τι
561 3587 679 3651 χρήσασθε
688 3620 695 3643 ,
705 3581 790 3632 codice
802 3597 849 3630 non
862 3597 907 3630 va·
935 3583 1009 3632 modo
1027 3599 1076 3647 quo
1093 3582 1254 3648 pachymeres
1270 3587 1361 3646 εἰςιτά,
1374 3585 1468 3635 Proco-

374 3661 462 3710 rianle.
482 3661 526 3710 Est
539 3665 671 3727 χρήσασθαι
687 3659 828 3723 conjectura
839 3659 908 3707 Bek·
935 3662 990 3726 pius
1007 3660 1118 3710 adhibuit
1130 3662 1232 3710 vicinam
1246 3679 1331 3714 vocem
1347 3668 1466 3722 εἰςιτητά,

375 3738 428 3788 keri
441 3754 463 3788 v,
481 3740 506 3788 d.
526 3739 606 3789 Meum
620 3749 657 3789 est
671 3740 764 3796 ἐςὸτι.
780 3737 871 3787 Forsan
885 3739 907 3795 ἐς
936 3739 1009 3790 emh.
1032 3742 1062 3800 3,
1084 3742 1127 3801 18,
1146 3758 1172 3806 p.
1192 3743 1253 3802 351,
1277 3744 1366 3803 ιλιὼς
1383 3751 1468 3810 μηκέτι

375 3818 412 3867 ἔτι
426 3817 464 3868 vel
477 3820 551 3880 ἐςὲτι,
565 3837 577 3862 1(
589 3817 685 3876 adhuc,
696 3817 798 3881 amplius
804 3837 811 3878 ;
826 3836 838 3861 ν
853 3834 907 3882 quae
935 3821 1074 3876 ἀκάτοις....
1088 3822 1238 3884 ἀναγομένοις
1254 3825 1276 3880 ἒς
1288 3832 1330 3874 τήν
1341 3828 1408 3874 πόλιν
1420 3826 1469 3882 ίςι-

374 3896 520 3961 συοιροοὶιίο
529 3912 577 3944 non
590 3895 661 3946 obvia
671 3895 773 3944 multum
787 3905 833 3944 est.
843 3895 907 3944 Gre·
935 3905 998 3956 τητὰ
1010 3902 1056 3955 εἴη.

375 3975 456 4036 gorius
467 3973 525 4023 Naz.
537 3985 555 4024 t.
567 3974 603 4036 11,
616 3990 641 4038 p.
655 3974 747 4031 2091),
758 3973 789 4021 de
802 3973 907 4024 Aristide
971 3976 978 4001 ⁴
991 3977 1101 4026 Οἰδαῖνον
1110 3976 1163 4034 ἦθος
1171 3975 1309 4042 μαλάττων]
1319 3977 1410 4027 similis
1420 3991 1471 4024 mo·

376 4052 418 4101 illo
433 4052 501 4102 lusto
513 4072 519 4102 ι
531 4053 585 4118 ι’σχι
603 4051 695 4117 τοῦνομ’
710 4055 733 4102 ἔκ
748 4063 789 4109 τῆς
802 4057 908 4120 πράξεως
937 4053 1038 4116 ιιιρλιοτο
1052 4071 1078 4119 ρ.
1091 4055 1122 4101 25
1136 4071 1170 4104 m.

374 4137 467 4188 Δίκαιος
478 4133 509 4181 ὤν
520 4151 546 4182 τε
559 4139 599 4182 καὶ
613 4135 750 4196 καλούμενος
761 4133 793 4188 εἰς
807 4131 853 4180 ἔτι.
864 4129 907 4195 Sy-
970 4130 979 4157 ³
993 4131 1121 4196 Polybius,
1136 4134 1184 4190 32,
1198 4147 1222 4180 c.
1239 4133 1282 4190 13,
1298 4131 1344 4178 12:
1359 4137 1386 4180 τὸ
1398 4130 1469 4187 κηδε-

375 4224 447 4258 meon
459 4209 527 4258 Selhi
542 4209 638 4259 Ichnel.
656 4227 682 4275 p.
698 4210 745 4258 ⁴38
761 4209 804 4258 τοὺ
818 4216 865 4276 χρή
878 4228 909 4272 με
936 4216 1029 4273 μανικὸν
1039 4211 1212 4276 ἐμρανίζοντες.

374 4291 408 4345 εἰς
426 4289 462 4338 ἔτι
475 4307 511 4337 σοι
527 4288 659 4356 ὑπουργεῖν.
676 4287 757 4336 Strato
776 4288 848 4336 Anth.
864 4291 908 4347 11,
971 4285 980 4311 ³
994 4285 1036 4334 Est
1049 4284 1153 4333 debilius
1169 4287 1211 4334 κόιν
1225 4286 1249 4332 εἴ
1259 4303 1283 4333 τι
1295 4290 1400 4346 γίνοιτο,
1413 4296 1470 4350 post

377 4370 421 4415 117
436 4387 442 4416 :
461 4363 495 4417 Ἂν
511 4368 535 4416 δὲ
549 4375 717 4436 προςιγχρίσοις
731 4367 800 4416 αὑτὸν
816 4371 908 4434 φθάσῃ,
937 4368 979 4416 κᾶν
991 4366 1047 4414 εἴτι
1059 4368 1136 4413 πάθω.
1150 4362 1241 4411 Eadem
1253 4362 1400 4413 abundantia
1414 4364 1467 4413 Nic.

372 4446 422 4497 οὐδ’
435 4443 551 4515 ἕλε’γάνττι
561 4447 646 4498 Οὑκὲτι
655 4449 743 4511 μήποτ’
760 4447 799 4516 ἴδῃ
813 4450 910 4504 πλησίον
936 4442 1040 4495 Chumni
1056 4441 1134 4506 Epist.
1151 4443 1205 4502 163,
1217 4453 1243 4506 p.
1259 4443 1313 4490 183.
1325 4442 1361 4492 lbi
1374 4453 1441 4492 now.
