3684 5659
767 610 801 666 Γ.
831 608 904 667 ΤΟΥ
929 604 1183 668 ΙΙΑΧΥΜΕΡΟΥΣ
1264 673 1267 677 ,

818 991 1053 1084 ΜΕΛΕΤΗ
1081 991 1133 1080 B'.

432 1260 569 1334 Φιλόσοφος
580 1262 666 1315 ἔπεισε
674 1261 798 1336 τυραννον
808 1259 974 1312 καταθέσθαι
985 1263 1032 1319 τὴν
1041 1252 1198 1333 Ιτυραννίδα,
1209 1275 1243 1308 κα

454 1360 671 1434 τυραννοκτόνων.
679 1345 848 1429 ἀντιλέγεται
857 1350 885 1409 δὲ
894 1355 969 1431 παρὰ
979 1361 1065 1408 τινῶν.
1075 1357 1126 1406 Καὶ
1133 1350 1278 1427 μελετῶμεν
1287 1355 1332 1405 τὸν
1342 1349 1519 1426 φιλόσορονί..

479 1607 526 1695 Τά
542 1602 611 1691 μέν’
626 1599 665 1674 δὴ
686 1610 739 1678 τῆς
757 1601 849 1690 εὐχῆς
864 1601 958 1693 πέρας
977 1604 1041 1687 ἔχει
1059 1608 1112 1675 τῆς
1128 1599 1275 1691 ἡμετέρας
1291 1600 1343 1664 καί
1361 1606 1414 1674 τῆς
1430 1622 1527 1664 σπον-

432 1710 511 1790 θῆς·
532 1716 584 1778 καὶ
602 1709 661 1784 ἤδη
679 1714 732 1783 τὴν
748 1711 834 1777 πόλιν
850 1719 954 1776 πᾶσαν
972 1714 1255 1800 στεφανηφοροῦσαν
1277 1709 1336 1800 ὁρῶ
1355 1710 1407 1773 καὶ
1430 1704 1525 1796 δῆμον

431 1833 608 1917 τυραννικῆς
625 1823 739 1912 ἀχλύος
753 1821 1000 1913 ἀπηλλαγμένον,
1014 1822 1066 1885 καί
1082 1819 1367 1910 πανηγύρειςπσίλιν
1381 1843 1536 1896 συνιστα-Ι

430 1933 541 2020 μένας,
572 1935 625 1998 καί
654 1928 838 2025 δικαστήρια
862 1933 915 1997 καί
944 1929 1143 2027 βουλευτήρια
1170 1925 1444 2022 σνγκροτοόμεναζ
1471 1932 1524 1994 καί

429 2048 527 2107 ταῦτα
542 2045 641 2107 πάντα
660 2045 737 2117 θεοῖς
752 2044 804 2106 καί
824 2042 985 2133 φιλοσοφίᾳ
997 2040 1240 2133 κατορθωθέντα,
1255 2042 1307 2107 καὶ
1323 2044 1439 2115 πάντας
1453 2042 1524 2129 χαί·

429 2177 536 2244 ροντας
558 2155 609 2218 καί
628 2155 744 2228 πάντας
761 2153 801 2216 τά
818 2151 1161 2243 χαριστήριαθόοντας.
1180 2152 1276 2227 Μόνος
1293 2148 1323 2216 θ’
1348 2151 1363 2215 ὁ
1383 2160 1442 2216 τῶν
1460 2177 1523 2216 κα-

390 2271 393 2276 ’
431 2261 490 2327 λῶν
504 2261 615 2327 τούτων
631 2251 727 2336 αἴτιος
741 2261 814 2352 ἐγώ,
829 2261 1018 2352 σκυθρωπός,
1036 2262 1088 2327 καὶ
1108 2260 1204 2353 ὥςπερ
1220 2261 1257 2325 ἀν
1272 2264 1297 2325 εἰ
1315 2270 1418 2326 κακῶν
1437 2257 1527 2337 δίκας

432 2372 649 2463 κατεγνώσμπν
662 2369 858 2455 ἀποτιννόειν,
879 2365 973 2444 οὔτως
989 2368 1036 2435 ἐπὶ
1052 2369 1085 2434 τὸ
1104 2365 1299 2462 δικαστήριον
1318 2372 1457 2454 ἀπαντώ,
1472 2372 1525 2435 καί

432 2481 545 2569 μελετῶ
562 2482 635 2574 πρὸς
653 2480 826 2572 ἀντιλογίαν
844 2479 971 2571 λόγους,
991 2480 1073 2544 οὕτω
1094 2479 1196 2556 καλῶς
1212 2479 1281 2557 τοὺς
1300 2480 1381 2544 κατὰ
1395 2487 1449 2554 τῆς
1467 2504 1527 2544 τν-

432 2588 571 2682 ραννίθος
598 2589 761 2684 λογισμοὺς
779 2589 984 2677 ἀποθέμενος·
1001 2591 1053 2655 καί
1072 2585 1139 2655 θέον
1156 2593 1333 2683 συγχαίρειν
1345 2599 1398 2665 τῆς
1412 2588 1529 2659 ἐλευθε-

431 2705 501 2793 ρίας
517 2712 553 2791 τῇ
567 2702 650 2766 πόλει
668 2705 721 2766 καὶ
737 2700 1004 2791 σνναγάλλεσθαι,
1019 2704 1044 2764 εί
1062 2705 1103 2788 μή
1120 2703 1150 2764 τί
1166 2726 1201 2792 γε
1216 2702 1305 2768 πλέον
1322 2699 1405 2792 εἶχον
1418 2704 1524 2787 εἰπεῖν,

432 2809 492 2901 ἐγὼ
510 2806 543 2873 δὲ
562 2811 613 2873 καί
634 2807 867 2900 τνραννοόμενος
882 2809 916 2872 τό
934 2807 1022 2898 μέρος
1033 2854 1043 2891 ,
1063 2810 1114 2872 καί
1135 2809 1247 2901 γέρας,
1268 2813 1386 2901 ἀγαθῆς
1406 2813 1527 2901 γνώμης

432 2925 484 2987 καί
503 2917 637 2997 οπουθῆς
653 2921 830 3012 γνώρισμα,
855 2914 1016 3006 μονονοὺκδ
1035 2921 1077 2992 εἰς
1098 2927 1204 3009 χεῖρας
1222 2922 1300 3008 ἔχων
1321 2922 1405 3010 παρά
1424 2924 1527 2996 ποίους

466 3189 475 3215 ⁴
489 3187 584 3238 schot:
596 3192 610 3244 ἡ
624 3191 715 3243 στάσις·
726 3186 779 3254 ὅρος
789 3189 883 3242 ἁπλοῦς.
993 3183 1070 3234 habet
1078 3184 1126 3234 vim
1139 3184 1239 3235 omnino
1248 3201 1327 3246 suam,
1337 3186 1412 3236 veluti
1424 3187 1527 3238 exordio

466 3264 582 3316 ’Schol.:
602 3272 629 3316 τὸ
646 3271 770 3334 προοίμιον
788 3266 813 3324 ἐξ
835 3263 968 3328 ὑπολήψεως
994 3263 1292 3316 Declamationisvllztu
1302 3272 1415 3316 σέσωσται
1423 3268 1527 3332 δι’ίμοϋ,

433 3350 636 3411 τοῦπράγματος.
993 3343 1019 3393 οὗ
1042 3347 1112 3407 μόνον
1138 3343 1178 3392 οὐκ
1202 3346 1285 3410 ἀγαπᾷ
1305 3351 1448 3409 σωζόμενος,
1466 3349 1527 3396 ἀλλὰ

467 3422 478 3449 ³
490 3422 526 3473 Do
537 3422 663 3473 locutione
672 3423 824 3491 δικαστήριον
833 3428 966 3488 συγκροτεῖν
993 3429 1076 3472 καί...
1091 3441 1103 3467 κ
1115 3422 1181 3489 qnod
1192 3438 1246 3472 mea
1259 3433 1368 3473 servatus
1383 3425 1456 3474 fuerit
1468 3439 1526 3489 ope,

433 3499 744 3567 adGhonicium‚p.220,
757 3498 967 3565 uhiPachymerio
994 3516 1044 3550 non
1068 3502 1147 3552 solum
1168 3517 1219 3551 non
1242 3513 1281 3552 ost
1298 3503 1377 3554 salute
1397 3513 1526 3553 contentus
1573 3496 1576 3503 ’

432 3579 507 3629 verba
518 3579 679 3630 adducebam.
697 3580 763 3630 Infra
779 3595 806 3644 p.
819 3581 850 3628 28
865 3598 870 3627 :
886 3597 967 3634 πανη-
994 3590 1020 3629 et
1039 3579 1207 3629 incolumitate
1227 3596 1286 3641 oua,
1307 3581 1353 3631 sod
1376 3583 1492 3631 etiam...
1512 3601 1524 3626 ν

432 3661 509 3724 γίνριις
519 3664 725 3726 σνγκροτουμένας.
994 3656 1035 3706 Sic
1048 3658 1127 3708 Latini
1139 3659 1244 3709 formuia
1255 3679 1266 3703 ι
1279 3670 1372 3710 tuntum
1389 3676 1462 3710 non·
1480 3677 1526 3725 pro

466 3733 477 3760 ⁴
492 3735 593 3793 Codex,
611 3741 680 3799 μόνον
699 3736 757 3795 οὒκ,
772 3744 797 3784 et
810 3733 846 3783 aio
861 3733 965 3799 saepins5
993 3734 1110 3784 adverbio
1125 3734 1246 3784 «ferme»
1261 3748 1371 3797 utuntur,
1383 3747 1408 3786 at
1422 3737 1526 3789 duorum
1565 3789 1567 3799 ,

433 3827 480 3877 qua
497 3814 529 3863 de
542 3827 570 3862 re
579 3812 629 3877 jam
644 3813 720 3863 verbo
734 3811 862 3863 monebam
880 3827 906 3876 p.
925 3813 965 3862 15.
993 3812 1069 3862 divisa
1078 3811 1250 3863 vocabulorum
1259 3815 1379 3880 scriptura
1388 3816 1524 3879 praevaiuit,

433 3889 610 3956 Nonnunquam
633 3891 739 3957 syllabas
760 3890 841 3956 jungit
858 3894 965 3955 μονονοὺ.
994 3897 1047 3959 q'uae
1070 3901 1152 3942 tamen
1174 3891 1243 3957 jungi
1270 3892 1375 3942 Pithoeus
1396 3891 1469 3957 jussit
1493 3896 1526 3945 ad

434 3969 465 4019 Et
489 3970 513 4019 in
537 3967 627 4019 Graeoio
645 3967 745 4035 quidem
770 3968 839 4018 libris
864 3979 967 4034 utraque
993 3970 1167 4032 Quintilianum
1179 3969 1526 4032 Declamxlnvllmodoon-

433 4048 555 4115 scriptura
582 4048 674 4113 pariter
695 4046 819 4113 reponitur
838 4057 964 4113 usurpata.
995 4049 1130 4099 tradicento
1141 4048 1295 4109 Burmanno‚
1307 4050 1347 4116 qni
1359 4049 1422 4100 hano
1433 4050 1525 4103 formu-

434 4127 484 4177 Sed
501 4143 574 4194 quum
589 4128 665 4192 posuit
682 4127 774 4193 aliquid
789 4125 879 4177 alicubi
901 4127 968 4177 diffi-
994 4129 1042 4179 lam
1056 4127 1170 4179 tractavit
1188 4128 1220 4178 ad
1237 4128 1307 4178 illum
1327 4129 1461 4194 sophistam
1475 4147 1525 4180 non

434 4205 531 4255 enitatis
551 4220 606 4256 eme
630 4205 655 4256 in
674 4207 811 4271 negationis
832 4206 967 4267 relatione,
993 4206 1078 4256 semol.
1102 4206 1182 4256 Locos
1202 4215 1327 4257 auctorum
1349 4218 1444 4272 tangam
1461 4223 1527 4257 non-

433 4281 515 4331 malim
529 4299 602 4349 quum
619 4289 689 4349 μόνσν
701 4284 727 4335 οὒ
741 4285 862 4350 significat
875 4287 966 4350 σχεδόν,
993 4283 1172 4334 nulloa'obiter.
1188 4283 1317 4346 Libaniua,
1330 4294 1347 4334 t.
1361 4284 1403 4347 IV,
1415 4302 1441 4351 p.
1457 4289 1504 4336 632
1516 4304 1523 4336 ι

435 4362 511 4423 ἐγγυς,
516 4359 586 4425 jungi
594 4361 702 4425 syllabas
715 4363 847 4414 scribendo
856 4367 965 4428 μονονοὺ,
993 4362 1055 4413 ίνδον
1074 4363 1140 4428 ᾤμην
1152 4363 1214 4427 ἔχειν
1227 4370 1259 4414 τὰ
1275 4373 1399 4433 χρήματα·
1412 4369 1525 4430 μσνσνοὺχ

434 4446 565 4502 μσνσνσυχι·
581 4436 654 4487 dividi
669 4449 766 4502 autem,
781 4457 856 4505 quum
869 4440 966 4505 negatio
994 4442 1449 4512 ἕώρων,μσνονοὺκἠριθμοόμην.ίὶοόοκ
1459 4445 1523 4494 3οΠ
