3684 5659
431 609 503 680 276
882 615 1075 678 ΙΕΡΟΚΛΗΣ

479 742 543 838 μί’.
572 748 811 840 Σχολαοτικόςζ
830 752 908 837 μετὰ
926 750 1110 841 τοῦπατρὸς
1133 746 1307 836 καθεύδων,
1328 753 1528 842 ἀνιστάμενος

429 861 477 928 ίπί
504 871 558 938 τῆς
585 862 686 938 κλίνης
712 863 818 938 νυκτὸς
843 866 955 954 ἔτρωχε
978 862 1134 953 σταφυλὰς
1155 860 1292 954 ὑπεράνω
1319 866 1526 957 κρεμαμένας.

429 977 489 1039 Τοῦ
507 968 541 1036 δὲ
557 973 671 1063 πατρὸς
694 971 787 1036 αὐτοῦ
810 969 867 1036 ύτὸ
889 970 1004 1063 χύτραν
1025 970 1133 1059 λύχνον
1154 973 1343 1064 κρύψαντας,
1369 972 1455 1060 εἶτα,
1480 975 1528 1041 ’ότε

430 1081 560 1163 άνέστη,
580 1084 613 1147 τὸ
631 1091 692 1171 φῶς
709 1090 793 1175 άρνω
810 1079 981 1165 δείξαντος,
1001 1082 1017 1146 ὁ
1035 1078 1069 1146 δὲ
1086 1083 1173 1173 ὀρθὸς
1196 1083 1290 1160 ἑστὼς
1312 1088 1442 1177 ἔρεχχε,
1465 1112 1527 1153 κα·

433 1189 548 1258 θεύδειν
565 1192 814 1286 προςττοιούμενος

480 1345 538 1443 με’.
564 1353 789 1444 Σχολαστικός’
805 1356 909 1431 νυκτὸς
928 1354 1075 1426 ἐπανέστη
1092 1363 1129 1444 τῇ
1151 1359 1260 1446 μάμμῃ
1277 1356 1386 1423 αὐτοῦ.
1404 1358 1529 1450 Πληχάς

453 1493 466 1532 ε

431 1578 539 1668 χρόνος
566 1576 664 1661 ἐστίν,
695 1574 726 1654 ἐξ
749 1569 783 1642 ού
806 1577 859 1649 τὴν
884 1577 1002 1670 μητέρα
1026 1602 1085 1665 μου
1110 1576 1245 1671 όχεύεις,
1268 1576 1365 1667 μηδὲν
1385 1579 1438 1646 ὑπ’
1456 1580 1527 1669 ἐμοῦ

430 1689 552 1772 παθών,
577 1690 629 1754 καί
653 1693 703 1753 νῦν
729 1689 835 1779 ὀργίζῃ
858 1687 904 1753 ε’πί
933 1697 969 1778 τῇ
991 1691 1082 1783 μητρί
1103 1713 1177 1774 σου,
1203 1676 1288 1766 άπαξ
1308 1687 1402 1785 εὑρών
1419 1716 1457 1784 με
1475 1690 1528 1761 σὺν

434 1798 512 1888 αὐτῇ
528 1825 557 1864 ν.

480 1951 545 2047 μέ.
571 1959 791 2050 axcianus&
810 1957 1062 2052 πραγματευτὴς*
1080 1963 1260 2054 ἀπήγγειλεν
1278 1960 1344 2032 ότι“
1359 1965 1394 2030 τὸ
1417 1967 1528 2057 χωρίον

432 2070 525 2136 αὐτοῦ
543 2073 559 2136 ὁ
577 2075 714 2160 ποταμὸς
732 2069 867 2138 ἔλαὸεν4.
896 2053 922 2136 ὁ
942 2067 977 2136 δὲ
994 2074 1190 2163 ἀνακραγών,
1210 2075 1394 2167 ἀπεκρίνατο
1412 2075 1524 2167 λέγων·

433 2205 450 2240 ι(
463 2185 604 2259 Βιάζεται
622 2179 719 2272 ἡμᾶςτ
730 2208 760 2248 ν.

482 2338 545 2437 μζ.
570 2345 793 2437 Σχολαστικός8
809 2343 863 2413 tat
881 2350 991 2438 χρόνον
1012 2351 1054 2423 εἰς
1068 2348 1119 2412 τόν
1135 2346 1249 2439 ἀμρὸν’
1263 2351 1525 2442 παραγενόμενος,

434 2457 580 2524 ἐθεάσατο
616 2461 655 2525 τὰ
688 2459 846 2550 θρέμματα
873 2455 989 2536 ἐξιόντα
1021 2457 1068 2523 ἐπὶ
1096 2455 1257 2542 βόσκησιν.
1286 2461 1346 2524 Καὶ
1375 2461 1417 2536 ὡς
1444 2464 1529 2527 εἴωθε

434 2566 638 2659 βληχόμενα10
659 2567 749 2656 ἰδών,
775 2571 877 2662 ἠρώτα
897 2570 950 2639 τὴν
973 2570 1088 2633 αἰτίαν.
1113 2574 1172 2633 Τοῦ
1195 2565 1229 2634 δὲ
1251 2571 1410 2660 οἰκονόμου
1433 2595 1528 2667 προς-

469 2792 478 2820 ¹
489 2795 517 2843 In
527 2794 551 2843 Μ
562 2804 599 2843 est
609 2795 636 2843 41
647 2794 686 2854 ‚in
700 2795 726 2845 P.
736 2794 765 2844 44
776 2814 783 2854 ;
795 2796 826 2843 36
837 2794 862 2843 in
875 2793 967 2858 Apogr.
994 2812 1044 2843 σου.
1058 2791 1099 2842 Sic
1111 2792 1206 2842 Needh.
1216 2803 1242 2842 et
1252 2793 1311 2844 Cor.
1326 2795 1421 2860 scripto
1431 2801 1513 2855 ἥλατο.

434 2871 517 2931 Voss„
527 2883 552 2921 et
565 2872 629 2936 apud
641 2872 778 2933 Rhoerium‚
788 2874 828 2938 qui
842 2891 848 2921 ι
861 2876 927 2936 οχολ,
938 2894 965 2936 μ.
1029 2869 1125 2931 'ndd.,
1146 2874 1248 2930 κάκεῖνος
1267 2874 1319 2943 ἔριν
1338 2881 1389 2924 Καὶ
1412 2884 1438 2926 τί
1456 2879 1527 2939 λόγος

435 2971 459 2999 τ.
476 2970 502 2999 π.
519 2957 660 3013 κοιμώμενος
679 2962 709 3019 τῇ
722 2958 801 3009 νυκτί,
819 2953 865 3000 ἀπὸ
884 2972 908 3000 τ.
930 2954 965 2999 zi.
994 2949 1042 2999 Rh.
1061 2951 1111 3010 sic,
1129 2967 1183 3000 cum
1198 2952 1305 3002 lectione
1319 2957 1393 3016 λεγῶς
1414 2964 1439 3004 et
1454 2955 1530 3005 hacce

435 3030 513 3077 ἀνιοτ.
529 3034 572 3085 τὰς
583 3047 654 3096 οταρ.
669 3029 719 3095 ἔτρ.
737 3031 814 3078 ἐπάνω
825 3049 891 3095 κρεμ.
905 3049 928 3078 τ.
943 3031 967 3080 δὲ
994 3039 1051 3077 nota
1069 3048 1075 3077 ι
1097 3028 1178 3078 «Scio
1192 3029 1251 3095 quid
1268 3045 1313 3094 pro
1327 3032 1369 3080 illa
1384 3032 1492 3083 lectione
1505 3041 1530 3084 τί

435 3128 461 3156 π.
479 3109 682 3163 excitamenta
694 3114 733 3155 καὶ
747 3107 791 3156 ὑπὸ
810 3127 836 3169 χ.
854 3109 968 3169 λαμπάδα
995 3111 1052 3170 λέγω
1066 3107 1104 3156 vel
1118 3112 1176 3171 λιμῶ
1196 3109 1313 3173 disputari
1333 3110 1426 3173 possin
1444 3113 1481 3160 vei
1496 3111 1530 3165 sic

435 3189 503 3252 κρὺψ.
519 3187 541 3233 ἐν
558 3196 591 3251 τῷ
609 3188 693 3234 ἐκείνου
709 3196 739 3252 τῇ
760 3191 824 3234 νυκτί
839 3187 968 3242 ἀναστῆναι
995 3196 1076 3235 tamen
1094 3187 1134 3234 vix
1147 3186 1261 3235 litterulae
1277 3189 1415 3238 mutatione
1433 3189 1530 3239 mallem

435 3271 491 3329 πρὸς
506 3264 608 3321 τὸέόος,
621 3267 633 3313 ὁ
647 3285 674 3314 π.
689 3264 752 3332 ἄρνω
768 3271 794 3314 τὸ
811 3275 857 3331 φῶς
872 3265 967 3322 ἔδειξεν·
995 3271 1020 3313 τί
1040 3268 1119 3326 λόγω
1135 3282 1158 3313 ν.
1172 3263 1318 3330 Et‘Corayo
1339 3277 1456 3331 suspecta
1476 3277 1531 3317 sunt

435 3344 536 3400 κάκεῖνος
546 3346 616 3400 ἑστὼς
624 3347 736 3407 καμμύων
744 3344 832 3412 ἔτρωχε
841 3351 968 3408 κοιμᾶσθαι
995 3340 1068 3390 verba
1079 3348 1119 3390 καὶ
1129 3350 1154 3393 τί
1166 3345 1238 3405 λέγως
1251 3358 1304 3407 quae
1318 3354 1399 3393 tamen
1413 3344 1532 3409 probabi-

435 3423 604 3491 προςπ.-Μ,
615 3425 694 3488 ὀρθῶς.
994 3421 1086 3470 lissime
1105 3421 1242 3470 convenit:
1255 3427 1296 3470 καί
1315 3429 1340 3472 τι’
1353 3425 1382 3473 ἂν
1402 3425 1462 3474 εἴπω
1477 3431 1531 3492 πρὸς

470 3500 479 3526 ¹
491 3501 548 3551 tnat
560 3503 601 3551 43.
614 3502 698 3552 Omisit
707 3502 838 3552 Pomanus.
849 3501 892 3550 Est
903 3503 934 3549 29
944 3501 968 3550 in
996 3506 1081 3559 τοῦτο;
1094 3499 1229 3548 Vernaculc
1241 3499 1368 3563 aptissime
1377 3501 1529 3551 diceremus:

436 3579 495 3639 Bb„
510 3580 550 3630 ubi
563 3600 568 3629 :
581 3585 647 3644 οχολ.
662 3588 769 3631 νυκτί...
782 3584 858 3631 λαόὼν
868 3580 930 3630 εἷπε.
941 3586 970 3630 Σὺ
998 3596 1009 3622 t
1025 3588 1049 3627 θῑ
1061 3593 1108 3643 que
1121 3577 1174 3626 dire
1188 3578 1203 3626 4
1222 3578 1293 3631 cela?
1307 3587 1333 3627 et
1346 3594 1394 3644 que
1407 3579 1532 3645 dirui-jezi

436 3664 545 3709 τοσοῦτον
558 3668 599 3715 τὴν
607 3666 743 3728 μητίρα....
757 3665 797 3708 καί
812 3667 890 3710 viia...
904 3661 969 3718 ἅπαξ
997 3672 1025 3715 ca
1037 3659 1070 3704 Ῥ

435 3739 559 3798 attacta.
1031 3732 1096 3782 ‘Est
1115 3734 1185 3783 4541]
1207 3735 1244 3794 M,
1264 3736 1295 3783 46
1314 3735 1338 3783 in
1359 3736 1386 3786 P.
1409 3736 1486 3787 Abest
1504 3752 1532 3786 ex

470 3811 518 3863 ³ln
533 3812 555 3861 M
573 3813 618 3873 445
636 3815 667 3862 45
680 3813 704 3862 in
724 3814 761 3872 P.;
781 3815 806 3860 14
824 3813 847 3862 in
863 3813 927 3863 Edd.
944 3824 969 3864 et
996 3812 1060 3861 Edd.

436 3890 483 3941 Rh·
1030 3890 1073 3942 ⁹M
1083 3929 1089 3947 ‚
1101 3894 1133 3948 εἰς
1145 3898 1183 3941 τὸν
1201 3894 1282 3958 ἀγρόν,
1297 3892 1364 3956 quod
1380 3891 1533 3943 substituen-

469 3969 567 4020 ‘Lond.
582 3986 605 4020 a.
621 3972 697 4029 1673,
710 3968 804 4018 Needh.
817 3970 875 4019 Cor.
890 3970 969 4033 ἔμπο-
998 3969 1055 4020 dum
1066 3971 1143 4019 visum
1155 3980 1192 4019 est
1206 3970 1305 4019 lectioni
1321 3973 1356 4033 Α,
1370 3975 1404 4030 εἰς
1419 3981 1462 4030 τὴν
1474 3976 1534 4037 ἀμο-

437 4071 483 4116 ρος.
497 4049 544 4100 Rh.
556 4066 570 4098 c
580 4049 649 4099 Voss.
659 4056 850 4118 πραγματευτὴς.
863 4048 914 4098 Hoc
926 4065 971 4098 no·
997 4055 1049 4117 μάν.
1065 4048 1117 4098 Non
1134 4065 1195 4097 nova
1216 4058 1253 4097 cst
1270 4049 1398 4099 nominum
1419 4054 1491 4120 ἀγρός
1510 4060 1534 4100 et

437 4130 503 4177 mine
519 4145 575 4178 usus
587 4139 624 4177 est
636 4129 744 4193 Corayus
756 4128 781 4176 in
799 4134 911 4198 Γραικικῇ
924 4149 971 4192 με·
998 4131 1074 4194 ἀγορά
1087 4127 1203 4177 confusio.

438 4214 566 4273 ταρρόοει,
582 4207 673 4258 editum
689 4209 788 4276 ἔμπορος
802 4223 889 4256 nomen
905 4209 970 4256 anti·
1032 4204 1054 4231 ¹⁰
1065 4206 1102 4264 M,
1126 4211 1262 4269 γλιχόμενοι.
1282 4205 1360 4255 Vertit
1380 4206 1506 4257 Pontanus
1524 4227 1530 4256 :

438 4300 510 4350 quum
522 4285 612 4346 vulgari
626 4285 795 4352 interpretans.
1001 4302 1011 4326 a
1025 4284 1094 4332 avide
1109 4284 1197 4348 pabula
1210 4294 1338 4347 carpentes
1352 4305 1372 4334 υ.
1389 4285 1467 4336 Unice
1478 4303 1532 4336 vcra

472 4361 527 4415 ὕΜ.
543 4362 606 4411 όταν.
998 4373 1036 4411 est
1045 4364 1165 4428 scriptura
1179 4363 1214 4423 Α,
1229 4367 1373 4432 βληχόμενα.
1386 4365 1532 4415 Permutatio

473 4436 584 4499 ‘Lend.‚
593 4439 630 4489 ότι
640 4445 651 4490 ό
662 4442 841 4503 ποταμὸςέλαοε
851 4448 890 4490 τοι
900 4443 971 4506 ἀγρόν
1000 4442 1071 4491 salita
1085 4443 1204 4493 vocalium
1218 4465 1231 4499 η
1245 4463 1253 4491 ι
1267 4442 1324 4493 iecit
1336 4453 1363 4492 ut
1379 4447 1487 4494 oscitans
1503 4445 1532 4493 Ιί-
