3684 5659
812 622 970 693 ἰιειετιι
996 621 1033 695 ι’.
1401 628 1469 697 189

422 764 518 842 Act&
534 762 570 838 ἡν
591 766 620 831 ἐν
638 769 788 859 Κορίνθῳ,
814 768 908 850 Λαίς,
930 762 966 842 ἡς
987 770 1039 832 καί
1065 769 1098 832 τό
1123 771 1289 855 μνησθὴναι
1312 770 1418 855 μόνον,
1445 773 1469 832 εἰ

372 878 416 963 μὴ
437 900 485 952 τις
507 877 736 967 περιφράττοιτο
760 876 954 968 σωφροσύνῃ,
979 873 1088 953 ἡδονὴς
1113 876 1286 971 έμπύρευμα
1309 888 1344 967 τῇ
1368 878 1467 968 ψυχῇ.

371 986 491 1059 Ταύτην
506 984 589 1076 εἶχον
601 990 771 1078 Κορίνθιοι,
788 988 884 1079 ὥςπερ
902 1013 931 1052 τι
947 996 1006 1053 τῶν
1019 997 1187 1081 περιφανῶν
1204 992 1375 1077 θεαμάτων,
1396 993 1467 1066 καί,

372 1091 443 1161 δέον
460 1095 554 1166 αὐτὴν
573 1099 698 1183 ἀτιμοῦν
715 1097 733 1167 ἡ
751 1094 853 1181 ε’ξελφῖν
874 1106 928 1173 τὴς
949 1106 1030 1188 σφῶν
1049 1098 1181 1181 πόλεως,
1202 1099 1296 1190 ὥςπερ
1313 1122 1342 1162 τι
1360 1096 1472 1186 μύσος’

371 1208 425 1272 καί
440 1207 543 1277 κοινὴν
556 1208 669 1298 φθορὰν
683 1216 736 1282 τὴς
753 1207 782 1271 έν
800 1207 875 1296 αὐτῇ
893 1208 1048 1291 νεότητος,
1070 1210 1095 1272 οἱ
1115 1205 1214 1273 δὲκαὶ
1233 1218 1396 1299 περιεῖπον,
1416 1210 1468 1273 καί

372 1318 550 1410 παρρησίας
573 1313 763 1405 μετεδίδουν,
790 1318 831 1393 ὡς
853 1321 910 1383 κάν
933 1329 1001 1394 ταῖς
1025 1315 1107 1395 ὁδοῖς
1132 1316 1326 1412 διερχομένην
1350 1319 1467 1403 σοθεῖν,

372 1428 488 1514 κόσμον
523 1428 728 1520 περικειμένην
760 1438 902 1493 παντοῖον
936 1431 989 1493 καὶ
1025 1429 1147 1505 πολλοῖς
1176 1430 1467 1521 παραπεμπομένην,

371 1535 469 1628 ὥςπερ
486 1539 631 1602 τινὰτῶν
650 1539 736 1630 ἱερῶν
753 1541 805 1603 καί
825 1539 967 1629 μεχοίλωυ
983 1539 1035 1602 καὶ
1052 1546 1089 1627 τῇ
1106 1540 1189 1604 πόλει
1208 1539 1395 1627 σεθασμίων,
1415 1543 1467 1605 καί

371 1638 414 1713 ὧν
432 1646 550 1713 ἐστί’τὸ
566 1651 715 1736 τιμᾶσθαι
733 1644 918 1736 δημοτελεῖς.

419 1738 538 1830 decada
554 1760 653 1823 τοίνυν
671 1759 712 1846 μὴ
736 1760 825 1846 μόνον
848 1759 967 1825 ἐκείνων
990 1759 1059 1836 τοὺς
1080 1757 1296 1847 βουλομένους,
1316 1761 1466 1827 ἀλλὰκαὶ

371 1865 473 1946 ξένους
489 1863 711 1956 ἐπιδημοῦντας
728 1864 807 1934 εἷλκε
826 1871 899 1962 πρὸς
919 1870 988 1946 τοὺς
1007 1868 1100 1946 αὑτὴς
1118 1874 1248 1961 ἔρωτας,
1271 1870 1417 1960 λαμθοίυει
1434 1873 1468 1936 τό

370 1981 469 2055 πάθος
484 1979 577 2067 νομὴν
593 1981 658 2051 κάν,
668 1988 735 2055 ταῖς
754 1978 874 2055 λοιπαῖς
890 1982 1012 2045 πόλεσι·
1032 1983 1084 2045 καὶ
1104 1980 1149 2046 ὅτι
1168 1978 1272 2046 Λαίδα
1290 1981 1343 2046 ούκ
1361 1981 1471 2069 έτιμώ“

370 2112 459 2183 ρουν,
485 2089 567 2155 ἀλλὰ
589 2092 641 2154 καί
667 2087 866 2180 ὑπερεπῄνουν
888 2087 1067 2182 Κορίνθιοιί,
1091 2094 1224 2182 γίνονται
1243 2089 1356 2169 Λαίδες
1376 2092 1467 2157 ἄλλαι

370 2202 423 2267 καί
442 2209 590 2289 πανταχῆ
607 2203 659 2265 καί
678 2199 821 2265 ἐνταῦθα.
846 2202 905 2272 Τὴν
921 2207 1019 2266 Μυῖαν
1037 2201 1150 2272 ἐκείνην
1168 2199 1271 2268 οἴδατε
1290 2206 1399 2279 ποίυτες
1414 2203 1467 2274 τὴν

370 2292 531 2396 ἡττυιὴν*,
551 2313 604 2377 καί
623 2308 688 2399 μετ’
708 2310 801 2383 αύτὴν
818 2312 924 2396 ἄλλην,
944 2313 996 2377 καί
1015 2305 1100 2387 αὖθις
1118 2311 1233 2403 ἑτέραν.

418 2422 460 2488 Τό
487 2426 560 2513 χοῦν
584 2425 681 2498 πάθος
707 2425 838 2512 ἀρχαῖόν
862 2423 959 2506 ἐστιν,
989 2419 1092 2509 οἶμαι,
1120 2425 1173 2487 καί
1199 2424 1320 2514 χρόνοις
1344 2432 1467 2511 συχνοῖς

372 2536 524 2626 ἔντροφον.

418 2642 498 2711 Καθ’
510 2641 571 2721 ὀὓς
587 2646 640 2710 καί
658 2647 686 2711 οἱ
703 2645 749 2712 έπί
768 2655 827 2712 τῶν
843 2645 993 2739 ἡμετέρων
1010 2647 1164 2739 προγόνων
1181 2647 1285 2737 σοφοί,
1309 2642 1359 2722 οίις
1376 2652 1466 2721 εἴτις

371 2764 450 2823 εἴποι
466 2758 520 2822 καὶ
544 2755 662 2833 κοινοὺς
681 2758 838 2850 εύερχέτας
861 2758 915 2823 οὐκ
938 2759 975 2823 ἂν
999 2760 1129 2850 ἁμάρτοι
1152 2762 1205 2822 τοῦ
1230 2753 1365 2841 δέοντος,
1390 2755 1466 2842 βλέ-

370 2891 475 2944 ποντες
509 2865 564 2956 μέν
590 2869 625 2934 τό
653 2872 750 2944 ποίθος
777 2872 829 2934 καί
860 2878 896 2959 τῇ
925 2870 1056 2962 ἡμετέρᾳ
1080 2866 1193 2958 ταύτη“
1218 2868 1464 2957 έπειςκωμοίσαν,
1495 2938 1500 2949 ,

372 2980 505 3070 ἀρίστοις
526 2975 560 3044 δέ
581 2983 646 3070 περί
668 2979 775 3045 τούτου
797 2975 1022 3068 διανοούμενοι,
1043 2982 1083 3056 ὡς
1101 2977 1188 3045 οὐδὲν
1204 2981 1302 3071 ἀρχὴν
1321 2982 1397 3069 σχόν
1413 2983 1466 3046 καὶ

373 3090 473 3180 χρόνῳ
495 3092 607 3182 μετρίῳ
635 3087 803 3176 βεθαιωθὲν
827 3089 933 3184 ῥᾴδιόν
961 3091 1041 3158 ἐστιν
1070 3089 1262 3174 ἀπαλλάξαι,
1291 3093 1342 3156 καί
1370 3097 1468 3155 ταῦτα

372 3195 482 3278 ἡδονῆς
503 3201 536 3267 δν
559 3201 593 3267 οὐ
616 3209 670 3278 τὴς
688 3202 841 3291 τυχούσης
863 3213 927 3279 τοῖς
949 3203 1087 3278 πολίταις
1114 3210 1223 3286 αίτιον,
1242 3200 1347 3289 τὸμὲν
1366 3201 1469 3277 ἁπλῶς

405 3434 415 3465 ¹
426 3434 513 3486 smol.
521 3454 529 3485 t
538 3440 693 3494 κατάστασις.
936 3435 989 3503 ipse
998 3437 1125 3501 proposuit
1134 3441 1309 3486 πολιτεύσονται
1317 3436 1356 3484 vel
1364 3439 1471 3485 πολιτεὺ·

407 3511 529 3574 'Codex‚
538 3520 620 3578 μῦσος.
635 3513 697 3564 Vide
707 3530 733 3579 p.
751 3515 811 3572 101,
824 3530 850 3564 n.
866 3516 890 3565 3.
937 3536 1035 3567 σωνται.
1056 3515 1087 3565 Et
1103 3515 1128 3563 id
1142 3513 1334 3579 verbun1‚quod
1348 3513 1400 3578 ipse
1419 3530 1468 3562 non

406 3590 486 3642 ‘tuit
500 3602 582 3642 tamon
596 3593 652 3647 Laio
671 3608 685 3642 a
703 3592 835 3642 Corinthiis
849 3593 909 3644 urbe
937 3606 1043 3656 mutem,
1068 3594 1241 3643 intellexerunt
1263 3593 1294 3641 de
1317 3596 1468 3657 συμΰοὺῖοις,

373 3670 459 3735 polea,
474 3670 604 3721 si-Libanii
615 3671 763 3721 declamatio
776 3671 850 3722 lldem
865 3672 911 3721 ha·
936 3673 1120 3738 intelligendum
1129 3671 1300 3722 desubauditis
1307 3671 1399 3721 civibus
1408 3672 1470 3721 alius

374 3747 434 3799 bere
443 3758 535 3814 potest,
544 3749 612 3815 quod
618 3749 751 3815 juventutis
762 3766 843 3799 mores
854 3765 908 3799 cor·
936 3752 988 3818 ejus
1002 3752 1084 3814 urbis,
1094 3768 1143 3818 quo
1157 3751 1224 3802 abire
1242 3755 1264 3802 οἱ
1281 3755 1404 3817 σὺμὸουλοι
1416 3766 1470 3800 mo-

374 3836 513 3891 τυτιιρειεῑ,
531 3826 588 3876 dein
605 3827 636 3877 ab
649 3828 722 3877 exilio
736 3838 864 3890 revocata,
879 3828 911 3878 ob
936 3840 1035 3880 nentur.

374 3904 549 3956 adulteriorum
571 3906 762 3957 multitudinem.
785 3907 834 3956 Sed
856 3908 911 3973 ple·
970 3908 1114 3957 *lucianus
1130 3908 1219 3958 Muscte
1235 3906 1398 3972 Encomio,§
1419 3912 1467 3956 ll:

374 3998 478 4049 rumque
489 3982 547 4033 ficta
557 3993 614 4033 sunt
622 3983 827 4034 declamationum
838 4001 910 4049 argu·
936 3988 1025 4050 ἐγένετο
1040 3988 1065 4036 δὲ
1076 3994 1139 4037 κατὰ
1152 3993 1205 4044 τοὺς
1214 3990 1368 4045 παλαιούς...
1380 3990 1471 4048 ὁμώνυ-

374 4072 467 4113 mcnta.
483 4062 527 4113 Est
544 4063 569 4112 in
589 4062 631 4112 illa
649 4062 828 4113 declamatione
842 4064 910 4113 locus
935 4086 979 4130 μσς
990 4066 1051 4136 αὐτῇ
1063 4066 1101 4136 (τῇ
1114 4065 1227 4131 factal...
1243 4069 1327 4132 ἑταίρα
1339 4073 1385 4114 τῶν
1395 4061 1470 4113 Ἄττι-

375 4140 455 4191 obiter
472 4141 625 4207 tangendus,
639 4152 657 4192 t.
676 4140 717 4201 IV,
736 4159 762 4207 p.
781 4142 910 4192 ίθθεέδει
934 4155 979 4194 κῶν
1000 4146 1126 4211 ἐπιφανής,
1145 4150 1198 4210 περί
1222 4145 1247 4199 ἧς
1269 4149 1309 4191 καί
1331 4146 1343 4192 ό
1367 4149 1468 4205 κωμικὸς

374 4224 427 4279 τοὺς
444 4223 558 4271 τοιούτων
577 4224 649 4284 λόγων
669 4224 809 4285 συμθούλους
828 4224 910 4290 ἑτέραν
936 4230 1036 4279 ποιητὴς
1047 4223 1098 4290 ἔφη·
1110 4240 1121 4266 ι
1133 4219 1159 4271 ‘ll
1165 4221 1221 4272 Mut'
1227 4222 1320 4270 ἔδακνεν
1332 4219 1402 4271 αὐτόν
1411 4221 1469 4289 ἄχρι

375 4302 443 4350 πόλιν
454 4300 536 4358 οἰκεῖν,
546 4300 569 4348 lo
580 4302 598 4368 ἡ
606 4303 750 4368 σωφροσύνης
761 4305 834 4366 χωρὶς
844 4302 910 4349 πολι·
937 4311 979 4358 τῆς
988 4301 1086 4368 καρδίας
1099 4318 1122 4348 ι.

376 4364 497 4429 κτίννυται.
517 4375 554 4426 lbi
575 4375 681 4442 conjecit
702 4377 817 4427 ldorellus
837 4381 911 4428 πολι·
970 4378 1032 4428 'Sic
1048 4377 1143 4439 codex,
1161 4378 1251 4430 omisso
1268 4383 1350 4442 πόλει,
1364 4378 1403 4431 vel
1414 4394 1469 4430 cum

375 4458 504 4516 ττύυνται,
517 4470 566 4505 non
577 4455 732 4522 improbante
743 4454 857 4517 llcisliio‚
869 4456 909 4522 qui
936 4457 1015 4523 ellipsi
1026 4456 1164 4508 subaudito.
