3684 5659
760 589 916 652 MEAErfl
942 579 987 652 ι’.
1374 588 1413 655 τι

323 729 418 810 ἔστιν,
444 721 509 800 ἐξὸν
533 725 735 814 ἀγαπᾶσθαι,
761 722 794 786 τὸ
820 724 977 809 μισεῖσθαι
1006 724 1186 815 προκρίνειν,
1212 724 1263 787 καί
1289 722 1421 815 εὐφήμου

324 831 415 912 δόξης
441 832 654 899 ἀπαλλάττειν
681 827 830 921 δύςρημον
854 835 968 917 ’όνομα;
993 834 1144 903 Ζητήσατε
1167 833 1218 898 τὸν
1246 836 1421 924 παρείκοντα

301 922 312 939 ⁶
324 947 447 1038 χρόνον,
472 942 663 1035 παρακαλῶ,
687 945 712 1005 εἰ
728 942 902 1033 τυραννικὸς
924 940 985 1031 ἐγώ
1002 941 1072 1007 κατ’
1091 941 1201 1008 ἐκεῖνον
1223 945 1274 1008 καί
1295 940 1418 1028 βίαιος,

322 1060 349 1121 εί
369 1057 410 1143 μὴ
429 1051 592 1142 δημοτικὸς
609 1056 660 1117 καί
682 1052 853 1144 φιλόπολις,
876 1055 900 1116 εί
919 1057 1021 1139 μεῖζον
1039 1057 1130 1142 ἔσχον
1149 1059 1229 1120 κατά
1246 1079 1325 1131 τινος
1343 1057 1419 1147 φρό-

324 1191 419 1254 νημα,
445 1169 470 1230 εἰ
492 1165 632 1255 λαμπράν
656 1165 707 1228 καί
733 1161 805 1254 ὑπὲρ
828 1163 885 1237 τάς
906 1170 966 1226 τῶν
990 1163 1089 1228 ἀλλων
1110 1166 1162 1236 τὴν
1187 1168 1286 1231 οἰκίαν
1306 1163 1422 1253 ᾠκοδο-

324 1276 456 1364 μούμην,
476 1276 528 1339 καί
547 1273 668 1348 πολλοῖς
685 1273 870 1365 ἐθρυπτόμην
886 1282 950 1349 τοῖς
969 1274 1165 1361 ἀκολούθοις,
1185 1278 1236 1341 καί
1259 1276 1420 1341 ἀνεσύθουν

326 1387 355 1452 ἐν
378 1396 447 1462 ταῖς
473 1381 556 1461 ὁδοῖς
581 1381 787 1477 διερχόμενος.
815 1389 919 1448 Ταῦτα
944 1394 1056 1471 σημεῖα
1077 1387 1198 1476 γνώμης
1219 1395 1417 1478 τυραννικῆς,

325 1503 423 1564 ταῦτα
445 1498 615 1589 μοναρχίας
635 1490 806 1585 δείγματα,
831 1495 882 1558 καί
904 1500 957 1558 τοῦ
978 1497 1030 1566 τὴν
1052 1492 1147 1563 ὠδῖνα
1169 1505 1222 1573 τῆς
1238 1500 1350 1573 κακίας
1372 1496 1418 1561 ε’πί

326 1613 434 1700 καιροῦ
452 1604 575 1699 ἐκρῆξαι
592 1604 756 1690 βούλεσθαι
773 1607 931 1695 τεκμήριον
949 1607 1148 1672 ἱκανώτατον.

375 1698 460 1781 Ᾰλλά
476 1719 506 1780 τί
521 1741 556 1807 γε
573 1714 647 1780 άλλο
663 1716 697 1779 τὸ
718 1713 844 1806 ἐπῃρκὸς
863 1712 915 1779 ἀν1
936 1717 1010 1806 πρὸς
1027 1712 1202 1808 τυραννίδος
1220 1716 1366 1794 ἐπίθεσιν;
1386 1717 1419 1780 τὸ

325 1827 462 1903 πλουτεῖν
474 1824 664 1911 Ιβούλεσθαι;
683 1827 734 1890 καί
754 1829 824 1913 μήν,
840 1833 919 1917 εἴπερ
934 1826 1070 1891 πλουτεῖν
1089 1828 1257 1919 ὠρεγόμην,
1280 1827 1334 1892 σιἰκ
1352 1826 1419 1891 σ’λί-

326 1963 382 2027 γαι
400 1962 451 2023 μοι
467 1938 539 2028 πρὸς
555 1942 643 2001 τοῦτο
656 1939 821 2028 προφάσεις
837 1945 873 2026 τῇ
891 1936 969 2027 τύχῃ
983 1933 1252 2031 ἐσχεδιάσθησαν·
1270 1935 1353 2027 εἶχον
1366 1940 1418 2003 καί

327 2046 361 2111 ἐκ
377 2055 436 2112 τῶν
452 2038 691 2137 προςπιπτόντωύ
707 2047 843 2135 πολέμων
858 2034 1035 2141 πορίζεσθαι
1056 2052 1202 2142 χρήματα
1218 2070 1226 2087 ·
1247 2047 1330 2138 εἶχον
1342 2049 1423 2136 λαμ-

326 2156 427 2222 θάνειν
449 2159 501 2229 καί
523 2157 596 2251 παρ’
613 2156 695 2244 ὑμῶν
717 2157 833 2243 αὐτῶν,
849 2160 900 2234 ..ὡς
923 2162 1081 2251 ἀριστειῶν
1113 2161 1229 2226 ἔπαθλα
1252 2179 1260 2194 ·
1287 2159 1355 2255 ἀλλ’Ι
1378 2153 1423 2234 εἷς

326 2294 378 2354 μοι
402 2268 530 2344 πλοῦτος
555 2263 654 2343 ἔδοξεν
680 2269 781 2345 ἱκανὸς
806 2271 858 2334 καί
885 2280 948 2346 τοῖς
972 2269 1054 2357 ε’μοῖς
1077 2270 1244 2362 αὐτάρκης,
1270 2274 1290 2343 ἥ
1312 2270 1340 2334 τ’
1364 2269 1420 2357 ἐμὴ

325 2380 400 2469 πρὸς
420 2380 471 2443 τὸν
493 2374 588 2466 δῆμον
611 2381 710 2443 εύυοια
726 2382 777 2444 καί
797 2382 815 2450 η
836 2380 890 2446 ἀπ’
907 2380 1020 2447 ἐκείνου
1039 2380 1129 2446 πάλιν
1144 2379 1326 2473 ’ἀγάπησις’
1347 2384 1421 2472 πρὸς

327 2487 393 2576 ε’μέ.
408 2491 466 2554 Καὶ
484 2488 578 2578 ταύτῃ
596 2491 732 2577 συζῴην·
750 2493 809 2555 είθε
825 2493 876 2555 καί
888 2487 898 2522 ³
912 2491 1007 2581 ταύτῃ
1025 2517 1059 2582 γε
1077 2492 1306 2578 συναπέλθοιμι.

377 2579 468 2690 ἀγῶν’
482 2594 515 2664 δὲ
533 2594 622 2663 δέδια
639 2601 680 2686 μὴ
697 2595 742 2676 οἷς
758 2603 974 2691 ἀναγκάζομαι
991 2601 1087 2693 λέγειν
1100 2603 1152 2666 καί
1171 2604 1235 2692 περὶ
1256 2611 1309 2677 τῆς
1329 2597 1422 2667 δυνά-

326 2735 409 2798 μεως
426 2719 479 2785 τῆς
498 2709 589 2813 ἐμῆς,
608 2711 643 2782 ἢν
661 2713 701 2787 ὡς
719 2712 828 2804 ὀχυρόν
847 2738 874 2776 τι
894 2717 1063 2802 μηχάνημα
1080 2717 1161 2779 κατά
1179 2723 1231 2789 τῆς
1253 2714 1326 2802 ἐμῆς
1342 2741 1420 2806 προ-

326 2821 473 2912 αιρέσεως
489 2821 504 2886 ὁ
521 2823 690 2912 κατήγορος
706 2823 806 2894 ίστησι
817 2835 831 2909 ,’
847 2824 963 2900 τούτοις
982 2828 1037 2923 καί
1052 2851 1080 2890 τι
1098 2834 1157 2891 τῶν
1175 2826 1422 2920 ἀπορρητοτέρων

325 2927 524 3022 ιρθέγξομαίό,
549 2930 564 2995 ὃ
591 2926 674 3020 ᾔδειν
699 2930 752 3019 μὲν
777 2936 896 3010 πάντως
919 2937 1092 3026 γιγνόμενον
1116 2935 1163 3001 ἐπ’
1191 2935 1270 3023 ε’μοί,
1299 2936 1423 3026 ἐπῄνουν

328 3036 359 3104 δ’
378 3039 408 3116 ἐς
425 3043 471 3106 ἀεί
488 3042 544 3113 ,τὴν
563 3040 695 3107 ἐπίνοιαν
713 3045 753 3118 ὡς
770 3045 883 3110 οἵαν-τε
906 3048 1014 3123 σώζειν
1037 3049 1090 3119 την
1110 3056 1164 3122 τῆς
1188 3046 1335 3138 ἡμετέρας
1358 3073 1421 3111 κα-

325 3154 476 3217 τάστασιν
493 3151 627 3235 πόλεως,
647 3155 699 3217 καί
719 3152 789 3242 οὐχ,
809 3154 855 3223 ὅτι
872 3151 945 3244 δόξῃ
962 3165 1050 3244 τιμῆς
1066 3160 1151 3248 παρά
1170 3158 1287 3222 πολλῶν
1305 3157 1425 3250 ε’τηρού-

326 3286 399 3350 μην,
425 3262 557 3328 ἐκάκισα
579 3264 717 3351 πώποτε,
738 3265 820 3350 ἀλλ’,
847 3264 891 3330 ὅτι
914 3270 998 3360 παρά
1020 3267 1137 3332 πολλῶν
1161 3265 1244 3355 εἶχον
1264 3269 1301 3332 ἀν
1325 3269 1365 3343 ῶς
1387 3268 1422 3349 τὸ

328 3373 409 3448 εἰκὸς
439 3377 680 3467 μαρτυρεῖσθαι,
714 3370 827 3462 μᾶλλον
863 3379 1034 3468 ἠγάπησα,
1070 3379 1122 3442 καί
1160 3380 1318 3468 φρονίμους
1351 3376 1423 3441 ε’λο-

326 3485 458 3573 γιζύμην
486 3484 556 3560 τούς
587 3488 620 3551 τὸ
648 3487 740 3552 καλὸν
775 3491 862 3553 παντί
897 3488 993 3554 σθένει
1025 3482 1280 3579 πολυωροῖιντας6
1306 3487 1419 3576 παρόν,

364 3774 373 3800 ¹
385 3775 446 3826 Num
459 3777 487 3826 ἂν
501 3779 558 3834 dn?
926 3777 937 3803 ⁶
949 3777 1030 3828 Utitur
1043 3787 1068 3826 et
1077 3775 1186 3828 Declam.
1200 3776 1232 3826 lV
1245 3776 1320 3828 verbo
1330 3781 1425 3830 πολυω-

300 3838 313 3855 ⁴
363 3846 515 3919 'Gregorius
542 3856 570 3904 Ι).
595 3853 645 3904 Art.
667 3854 683 3920 ς
709 3840 751 3916 14,
774 3871 864 3906 nomen
891 3865 954 3926 ριῑυ,
977 3867 1050 3922 atque
1071 3856 1134 3906 Ηῖεῑ.
1156 3857 1189 3906 Μ.
1210 3857 1308 3907 Palaeol.
1329 3861 1355 3917 4,
1376 3861 1423 3918 25,

329 3934 448 3998 ἀγάπησις
458 3933 543 3984 Atticis
551 3934 642 3985 tribuit.
651 3933 700 3984 Sed
710 3935 765 3984 viris
774 3936 863 3985 criticis
890 3952 916 4001 p.
936 3937 982 3984 307
994 3956 1000 3985 ι
1012 3941 1136 4005 πρλυωρῶυ
1152 3939 1235 3986 ἐκεῖνον
1254 3943 1372 4001 συχνάκις.
1387 3935 1426 3986 lbi

328 4012 454 4063 hancnon
468 4013 579 4079 probavit
596 4013 704 4078 regulam
722 4013 862 4077 Gregorius.
889 4013 1009 4064 scholium
1037 4034 1043 4063 :
1070 4022 1211 4083 ρροντίζωυ,
1237 4015 1424 4079 ἐπιμελούμενος.

330 4091 475 4165 Ειοτυρίρπν
497 4108 528 4142 ex
551 4093 651 4159 AEsopia
672 4092 763 4143 Fabula
784 4091 863 4143 delevi
890 4091 981 4142 Rursus
994 4090 1105 4141 Andron.
1116 4093 1145 4152 5,
1157 4094 1203 4153 32,
1216 4108 1242 4156 p.
1256 4095 1301 4141 453
1314 4111 1321 4140 ι
1335 4099 1362 4142 τὸ
1372 4097 1425 4142 πά-

329 4169 361 4220 ad
370 4170 469 4220 Choric.
484 4188 512 4237 p.
525 4168 581 4223 3352
891 4175 927 4228 θος
940 4177 980 4219 καὶ
996 4170 1121 4221 αύτὸυτῶν
1133 4179 1190 4238 πρὸς
1202 4178 1228 4220 τὸ
1239 4179 1280 4239 ζῇν
1290 4173 1424 4239 ἀποροῦντα

362 4247 458 4308 ⁵G0d.,
469 4259 558 4313 συζώην
567 4253 622 4303 εἴθε·
637 4258 719 4302 καί...,
891 4253 996 4307 θητεῖαις
1008 4249 1097 4307 ἐδίδου,
1112 4250 1143 4297 δι’
1158 4252 1187 4298 ῶν
1199 4249 1359 4316 ἐπωλυωρεῖτο
1374 4260 1424 4310 τοῖς

363 4324 479 4378 ⁸'Schola
492 4330 597 4395 δύνίιμις.
891 4331 1035 4392 ἀναγκαίοις.
1054 4327 1090 4377 lbi
1102 4325 1241 4377 scholium:
1255 4328 1368 4392 θητείαις]
1382 4331 1425 4398 ἐμ·

363 4396 426 4456 ἐἷα
437 4406 525 4457 codex.
802 4460 807 4467 ,
891 4412 1002 4472 γάζεσθαι
1018 4408 1056 4456 ἐπί
1074 4411 1161 4474 μισθῷ.
1173 4434 1199 4442 -
1211 4408 1294 4472 ἔπαλ]
1311 4411 1425 4475 ἰπεμέλε-
