3684 5659
370 604 439 677 138
705 609 738 666 Γ.
767 607 841 665 ΤΟΥ
867 602 1122 663 ΙΙΑΧΥΜΕΡΟΥΣ

368 743 464 810 πεύων
482 744 514 807 τὸ
532 742 668 826 νόσημα,
688 736 769 824 ὑμῶν
785 732 942 819 διδόντων,
962 743 1014 810 τῆς
1031 736 1131 809 οἰκίας
1147 731 1260 826 ἐξάγει.
1276 738 1336 800 Καὶ
1357 732 1467 827 ἔπραξε

369 854 421 942 μὲν
438 862 566 945 πρᾶγμα
589 846 697 915 δοκοῦν
714 846 825 923 ἀπηνὲς
841 856 904 922 τοῖς
920 845 1056 929 πολλοῖς,
1077 845 1151 920 τέως
1168 840 1198 909 δ’
1216 845 1303 933 ἐμοί,
1321 848 1375 911 καὶ
1398 845 1467 912 λίαν

370 964 516 1055 ὠφέλιμον
534 960 666 1027 ἀποθάν.

419 1056 459 1150 [λς
471 1075 530 1166 γὰρ
546 1074 730 1161 ἀπεκήρυττε
748 1070 799 1134 καί
816 1065 895 1144 ξένον
908 1076 967 1133 τῶν
981 1063 1113 1132 οἰκείων’
1127 1056 1233 1152 ἐποίει,
1250 1070 1302 1132 καί
1322 1064 1466 1160 δακρύων

374 1186 435 1277 ἐγὼ
449 1181 597 1272 ἐδεχόμην
610 1183 644 1246 τό
656 1182 827 1273 πρόςτιμον,
847 1181 888 1266 μή
903 1174 1048 1254 διδούσης
1062 1182 1104 1244 ἔτι
1117 1186 1176 1254 τῆς
1186 1177 1308 1255 ήλικίας
1324 1181 1360 1244 τό
1374 1180 1467 1246 καλόν

370 1305 498 1388 γνῶναι,
517 1297 569 1359 καὶ
593 1299 798 1383 μεταγνῶναι,
820 1291 872 1355 καί
891 1299 1080 1380 προςπεσεῖν,
1095 1291 1147 1355 καί
1162 1287 1275 1380 ἐγγύας
1289 1285 1397 1356 δοῦναι
1413 1299 1467 1366 τῆς

371 1407 516 1483 εἰςέπειτα
534 1405 699 1478 εύπειθείας
714 1401 730 1467 ὅ
746 1427 774 1465 τι
793 1398 965 1487 βουλομένῳ
983 1397 1102 1465 ἕσεται’
1121 1409 1163 1486 τῷ
1186 1402 1297 1492 πατρί,
1316 1398 1389 1465 καθ’
1411 1398 1469 1466 αὑ·

372 1519 421 1582 τόν
439 1524 517 1603 ήμην
533 1513 806 1608 προςταλαιπωρῶν
823 1513 874 1576 καὶ
895 1510 928 1574 ἐκ
949 1517 1008 1575 τῶν
1025 1504 1176 1574 δυνατῶν8
1192 1508 1257 1597 ἐμοὶ
1276 1506 1406 1586 διαζῶν.
1427 1511 1467 1576 Τό

374 1633 445 1720 γοῦν
460 1635 627 1719 στραφῆναι
643 1625 716 1716 πρός
734 1624 783 1687 τὸν
799 1621 934 1712 πατέρα,
954 1623 1004 1685 καί
1024 1623 1149 1709 μεσίτας
1164 1621 1393 1712 προόαλέσθαι,
1413 1625 1467 1688 καί

375 1737 532 1821 ἱκετεύειν,
560 1732 758 1828 μικροπρεπὲς
777 1732 851 1807 τέως
871 1728 971 1797 ἐδόκει
989 1733 1041 1796 καὶ
1065 1731 1271 1822 ἀνελεύθερον,
1294 1734 1348 1797 καί
1370 1738 1468 1798 ταῦτα

374 1849 489 1923 τελείας
516 1845 661 1934 ἁψαμένῳ
689 1854 743 1920 τῆς
769 1843 911 1926 ήλικίας,
939 1840 1009 1907 καθ’
1039 1843 1075 1915 ήν
1104 1842 1185 1918 ἐλπὶς
1211 1838 1248 1915 ἦν
1273 1844 1412 1935 γενναῖόν
1439 1868 1468 1908 τι

375 1956 582 2051 πράξαι,’κα“ι
605 1957 654 2021 τὸν
674 1954 791 2045 πατέρα
816 1949 990 2044 εύῳράναιί,
1014 1954 1065 2017 καί
1088 1953 1229 2045 τὸέργον
1252 1957 1295 2029 εἰς
1316 1956 1470 2041 μεσιτείαν

376 2069 513 2159 ἐνέγκαι,
542 2071 583 2142 είς
604 2068 637 2131 τὸ
660 2069 712 2131 καί
736 2057 822 2139 αὖθις
849 2073 907 2128 τῶν
932 2060 1028 2128 αὐδῶν
1052 2063 1189 2135 ε’πιθήναι
1214 2073 1274 2130 τῶν
1293 2074 1466 2158 πατρικῶν,

375 2178 513 2254 λυθείσης
529 2187 582 2253 τῆς
601 2174 823 2268 ἀποκηρύξεως.
845 2153 934 2260 ᾔδειν
953 2177 1011 2266 γὰρ
1028 2176 1087 2260 ὡς,
1109 2162 1257 2242 ὃν-έλύπει
1276 2178 1295 2248 ή
1312 2179 1469 2267 ῥᾳθυμία,

376 2291 394 2358 ή
418 2284 536 2360 σπουδή
561 2288 714 2380 εύρρανεῖ,
739 2290 812 2364 καί,
840 2286 871 2351 δν
892 2289 1078 2376 ἀποκήρυττε
1094 2290 1306 2379 ῥᾳθυμοῦντα,
1327 2284 1470 2355 σπονδά·

377 2423 475 2465 σαντα
493 2402 697 2474 είςοικίσεται.

426 2512 484 2573 Διά
509 2515 596 2575 τοῦτο
625 2512 676 2575 καὶ
705 2509 814 2597 μύωπα
838 2511 916 2595 ἔχων
943 2502 1085 2592 διηνεκῆ,
1113 2509 1165 2578 τήν
1186 2509 1247 2573 ἀπό
1274 2513 1328 2573 τού
1356 2508 1473 2602 πατρός

379 2617 590 2709 ἀλλοτρίωσιν,
617 2619 670 2684 οὐκ
694 2622 823 2711 ήγάπων
846 2618 939 2709 ἀργός
962 2619 1146 2704 καθήμενος,
1174 2617 1254 2683 ἀλλὰ
1276 2617 1393 2710 νύκτωρ
1418 2623 1470 2685 καί

378 2729 442 2816 μεθ’
461 2730 574 2821 ήμέραν
590 2740 693 2796 πάσαν
712 2730 825 2795 ἐκίνουν
843 2725 993 2812 διάνοιαν,
1014 2738 1067 2793 ποῖ
1082 2732 1218 2820 πορευθῶ
1235 2732 1288 2795 καὶ
1306 2733 1337 2794 τί
1352 2727 1476 2823 πράξσἦ

378 2866 447 2926 μαι.
468 2863 483 2895 o
501 2840 726 2930 Στρατεύσομαι
748 2869 761 2898 υ
784 2837 865 2904 εἶπεν
891 2863 906 2896 o
925 2842 978 2904 καὶ
1002 2841 1083 2904 κατὰ
1107 2840 1236 2927 πόλεμον
1260 2842 1469 2931 ἀγωνίσομαι,

379 2952 430 3014 καί
448 2950 574 3025 πλοῦτος
595 2950 659 3037 ε’μοὶ
678 2953 717 3014 τά
732 2958 789 3015 τῶν
802 2951 952 3015 πεσόντων
966 2951 1044 3016 όπλα
1061 2953 1255 3041 γενήσονται;
1275 2942 1472 3044 μισθαρνήσω

380 3069 423 3147 τῷ
446 3058 619 3147 βουλομένῳ
640 3063 747 3143 παντί,
767 3062 858 3125 καὶό
881 3063 988 3148 μισθός
1009 3063 1102 3154 τροφή
1125 3060 1177 3148 μὲν
1199 3066 1304 3145 ἔσται,
1331 3066 1418 3128 ἔσται
1439 3058 1473 3128 δὲ

379 3173 430 3233 καί
451 3174 493 3245 εἰς
511 3172 634 3263 μετρίαν
650 3174 825 3262 περιουσίαν
843 3171 926 3258 ἐμοῖς
945 3171 1052 3259 τέχνην
1068 3175 1291 3263 μεταχειρίσω,
1314 3176 1474 3239 κάντεῦθεν

380 3279 432 3344 οὐκ
451 3284 594 3374 ἀπορήσω
611 3290 669 3346 τῶν
688 3284 862 3373 ἀναγκαίων
879 3308 910 3360 »;

414 3558 421 3583 ¹
433 3556 517 3607 Codex
532 3559 629 3617 οἰκείων,
643 3557 808 3622 superscripto
825 3558 857 3606 ἰδέ
864 3593 870 3614 ,
884 3566 911 3605 ιιι
938 3558 1013 3606 ἔσται.
1029 3557 1060 3606 Et
1069 3557 1168 3606 forsitan
1179 3557 1248 3607 deest
1259 3561 1293 3616 εἰς
1304 3559 1328 3608 in
1338 3559 1473 3626 proximis:

380 3637 421 3685 liat
434 3638 508 3686 ἰδίων.
520 3636 610 3684 Horum
629 3633 799 3684 vocabulorum
809 3650 911 3700 permu-
938 3638 1068 3692 εὐπειθείας
1082 3637 1135 3693 ιίςὸ
1146 3658 1171 3686 τι
1182 3640 1249 3705 pou).

381 3713 438 3761 satio
473 3710 675 3778 frequentissima.
710 3713 827 3777 Exempla
856 3715 911 3763 vide
972 3711 1087 3766 ’ἳἘκτῶι
1098 3715 1212 3780 δυνατῶν]
1225 3716 1313 3781 videp.
1333 3719 1474 3772 mmai.

379 3791 483 3854 piurima
503 3807 516 3839 a
532 3806 571 3839 me
591 3791 695 3839 collecta
708 3790 741 3838 ad
758 3791 912 3857 Theophyla-
973 3791 1047 3841 ‘God
1060 3830 1065 3848 ‚
1077 3793 1200 3860 εὐφράναι.
1211 3794 1345 3843 Mutatione
1359 3803 1476 3843 accentus

379 3877 443 3917 ctum
464 3869 553 3918 Simoe.
573 3886 597 3933 p.
617 3870 677 3926 187;
700 3869 788 3919 collato
805 3871 912 3920 Diodoro
940 3872 1036 3921 utiliore
1066 3872 1157 3936 poterit
1188 3873 1306 3937 intelligi,
1333 3873 1375 3939 qui
1410 3888 1477 3923 nuno

380 3948 428 3997 Sic.
446 3952 473 4006 l,
487 3949 532 4008 28,
544 3962 569 4011 p.
581 3950 608 3996 81
620 3967 627 4006 ;
639 3947 795 4012 Athenagora
807 3949 842 3999 De
854 3950 911 4000 Res.
940 3967 1012 4001 sensu
1026 3951 1076 4001 iere
1088 3962 1170 4006 earet.
1190 3953 1258 4002 loeus
1272 3951 1381 4009 Libano,
1399 3961 1419 4001 t.
1433 3951 1474 4011 IV,

380 4044 406 4089 ρ.
427 4029 475 4076 203
497 4027 527 4077 Η.
542 4026 578 4076 St.
594 4027 722 4090 Asclepius
745 4028 775 4076 ad
792 4027 913 4079 Hammo·
939 4045 966 4092 p.
979 4030 1026 4077 82⁷
1038 4049 1045 4078 ι
1056 4031 1086 4078 ἵν’
1102 4026 1140 4080 οὖν
1153 4039 1187 4094 μὴ
1205 4037 1273 4080 τοῦτο
1292 4033 1373 4080 παθὼν
1389 4035 1432 4080 τοῦ
1450 4050 1477 4092 γε

381 4122 435 4155 nem
450 4116 506 4171 poet
523 4106 705 4167 Poemandrum,
721 4122 747 4171 p.
767 4107 868 4158 97:022!
887 4111 912 4159 δὲ
941 4113 1042 4157 θανάτον
1080 4108 1254 4175 διαμάρτσιμι,
1288 4115 1328 4157 καὶ
1359 4115 1477 4175 χρήματα

380 4192 419 4234 καὶ
434 4189 539 4243 ῶςαύτως
556 4186 616 4249 ἔχων
635 4195 675 4243 τῆς
691 4186 753 4242 ἰδίας
771 4187 910 4252 ἐπιστήμης.
940 4190 1043 4252 προςθεὶς
1055 4195 1126 4248 ζωήν,
1141 4193 1192 4255 βίον
1211 4192 1311 4237 θανάτου
1326 4190 1386 4236 πολύ
1402 4190 1477 4249 χαλε-

380 4262 464 4312 Codex
480 4267 556 4325 1220,
569 4268 652 4314 οἰκεία.
940 4271 1053 4330 πῶτερον,
1066 4273 1105 4317 τὸν
1119 4272 1161 4330 μὲν
1174 4268 1298 4328 ἐπιζήμιον
1310 4267 1394 4315 ἐκεῖνον
1407 4268 1477 4315 θοίνα·

413 4338 476 4388 'Sic
499 4342 593 4404 codex,
611 4344 699 4392 ἔσεται.
719 4341 830 4391 Voluisse
853 4351 912 4406 puto
941 4360 980 4390 τον
1005 4346 1159 4394 ἀπυλέλοιπα.
1179 4342 1342 4393 Scribendum
1359 4343 1474 4392 videtur:

381 4417 487 4467 seribere
505 4419 542 4467 vei
559 4435 629 4469 suum
650 4423 751 4478 ἐνεῖται,
770 4421 807 4468 vei
826 4421 912 4470 melius
940 4426 994 4478 καί,
1013 4430 1126 4488 χρήματα
1137 4427 1255 4490 προςθεις,
1266 4428 1327 4487 ζῴην
1338 4427 1436 4490 βίου...
