<?xml version="1.0" encoding="UTF-8"?>
<!DOCTYPE html PUBLIC "-//W3C//DTD XHTML 1.0 Transitional//EN"
    "http://www.w3.org/TR/xhtml1/DTD/xhtml1-transitional.dtd">
<html xmlns="http://www.w3.org/1999/xhtml" xml:lang="en" lang="en">
 <head>
  <title>
</title>
<meta http-equiv="Content-Type" content="text/html;charset=utf-8" />
  <meta name='ocr-system' content='tesseract 3.04.00' />
  <meta name='ocr-capabilities' content='ocr_page ocr_carea ocr_par ocr_line ocrx_word'/>
</head>
<body>
  <div class='ocr_page' id='page_1' title='image "./gpachymerisdecl00hiergoog_0187.png"; bbox 0 0 3684 5659; ppageno 0'>
   <div class='ocr_carea' id='block_1_1' title="bbox 370 603 1471 3501">
    <p class='ocr_par' dir='ltr' id='par_1_1' title="bbox 371 603 1464 952">
     <span class='ocr_line' id='line_1_1' title="bbox 803 603 1464 683; baseline 0.008 -5"><span class='ocrx_word' id='word_1_1' title='bbox 803 615 960 678; x_wconf 76' lang='grc' dir='ltr'>νοιετιι</span> <span class='ocrx_word' id='word_1_2' title='bbox 985 603 1036 677; x_wconf 85' lang='lat' dir='ltr'>fl&#39;.</span> <span class='ocrx_word' id='word_1_3' title='bbox 1394 614 1464 683; x_wconf 74' lang='lat'>453</span> 
     </span>
     <span class='ocr_line' id='line_1_2' title="bbox 373 747 1464 842; baseline 0.005 -29"><span class='ocrx_word' id='word_1_4' title='bbox 373 749 554 839; x_wconf 82' lang='grc' dir='ltr'>τοῦπατρὸς</span> <span class='ocrx_word' id='word_1_5' title='bbox 570 747 823 836; x_wconf 87' lang='grc' dir='ltr'>ἀποκέκλεισμαι.</span> <span class='ocrx_word' id='word_1_6' title='bbox 842 753 932 824; x_wconf 90' lang='grc' dir='ltr'>Ποῖος</span> <span class='ocrx_word' id='word_1_7' title='bbox 948 749 1035 814; x_wconf 83' lang='grc' dir='ltr'>ταῦτ’</span> <span class='ocrx_word' id='word_1_8' title='bbox 1054 749 1143 842; x_wconf 83' lang='grc' dir='ltr'>ἔρησε</span> <span class='ocrx_word' id='word_1_9' title='bbox 1160 753 1289 838; x_wconf 70' lang='grc' dir='ltr'>μοίιτιςς</span> <span class='ocrx_word' id='word_1_10' title='bbox 1309 762 1395 828; x_wconf 84' lang='grc' dir='ltr'>ποῖος</span> <span class='ocrx_word' id='word_1_11' title='bbox 1411 777 1464 818; x_wconf 87' lang='grc' dir='ltr'>τε-</span> 
     </span>
     <span class='ocr_line' id='line_1_3' title="bbox 371 858 1239 952; baseline 0 -27"><span class='ocrx_word' id='word_1_12' title='bbox 371 860 562 952; x_wconf 87' lang='grc' dir='ltr'>ρατοσκόπος</span> <span class='ocrx_word' id='word_1_13' title='bbox 577 859 598 931; x_wconf 80' lang='grc' dir='ltr'>ἢ</span> <span class='ocrx_word' id='word_1_14' title='bbox 614 859 799 951; x_wconf 87' lang='grc' dir='ltr'>ὀνειροπόλος</span> <span class='ocrx_word' id='word_1_15' title='bbox 817 858 931 946; x_wconf 81' lang='grc' dir='ltr'>ἐμυήθη</span> <span class='ocrx_word' id='word_1_16' title='bbox 948 861 988 923; x_wconf 83' lang='grc' dir='ltr'>τὰ</span> <span class='ocrx_word' id='word_1_17' title='bbox 1005 858 1239 948; x_wconf 79' lang='grc' dir='ltr'>συμθησόμενας</span> 
     </span>
    </p>

    <p class='ocr_par' dir='ltr' id='par_1_2' title="bbox 370 950 1465 1519">
     <span class='ocr_line' id='line_1_4' title="bbox 420 950 1463 1064; baseline 0.003 -30"><span class='ocrx_word' id='word_1_18' title='bbox 420 993 438 1027; x_wconf 78' lang='grc' dir='ltr'>ι(</span> <span class='ocrx_word' id='word_1_19' title='bbox 450 950 494 1034; x_wconf 65' lang='grc' dir='ltr'>λέν</span> <span class='ocrx_word' id='word_1_20' title='bbox 506 969 610 1055; x_wconf 85' lang='grc' dir='ltr'>ἀλλοις</span> <span class='ocrx_word' id='word_1_21' title='bbox 623 965 683 1034; x_wconf 83' lang='grc' dir='ltr'>ἔδει</span> <span class='ocrx_word' id='word_1_22' title='bbox 698 965 892 1060; x_wconf 82' lang='grc' dir='ltr'>ἀνδρίζεσθαι</span> <span class='ocrx_word' id='word_1_23' title='bbox 905 994 935 1033; x_wconf 88' lang='grc' dir='ltr'>ν.</span> <span class='ocrx_word' id='word_1_24' title='bbox 952 972 1049 1061; x_wconf 86' lang='grc' dir='ltr'>Λόγος</span> <span class='ocrx_word' id='word_1_25' title='bbox 1063 961 1148 1045; x_wconf 71' lang='grc' dir='ltr'>οὗτος</span> <span class='ocrx_word' id='word_1_26' title='bbox 1160 972 1234 1062; x_wconf 87' lang='grc' dir='ltr'>πρὸς</span> <span class='ocrx_word' id='word_1_27' title='bbox 1245 980 1348 1036; x_wconf 84' lang='grc' dir='ltr'>πᾶσαν</span> <span class='ocrx_word' id='word_1_28' title='bbox 1363 974 1463 1064; x_wconf 85' lang='grc' dir='ltr'>ἀρκῶν</span> 
     </span>
     <span class='ocr_line' id='line_1_5' title="bbox 371 1076 1460 1188; baseline 0.003 -43"><span class='ocrx_word' id='word_1_29' title='bbox 371 1076 584 1188; x_wconf 78' lang='grc' dir='ltr'>εὐδοκίμησιν.</span> <span class='ocrx_word' id='word_1_30' title='bbox 598 1082 634 1146; x_wconf 82' lang='grc' dir='ltr'>Τί</span> <span class='ocrx_word' id='word_1_31' title='bbox 645 1080 748 1145; x_wconf 88' lang='grc' dir='ltr'>λοιπὸν</span> <span class='ocrx_word' id='word_1_32' title='bbox 759 1082 799 1145; x_wconf 89' lang='grc' dir='ltr'>τά</span> <span class='ocrx_word' id='word_1_33' title='bbox 808 1079 884 1172; x_wconf 86' lang='grc' dir='ltr'>γέρα</span> <span class='ocrx_word' id='word_1_34' title='bbox 898 1077 1018 1146; x_wconf 81' lang='grc' dir='ltr'>διδοῦσι</span> <span class='ocrx_word' id='word_1_35' title='bbox 1030 1091 1093 1157; x_wconf 88' lang='grc' dir='ltr'>τοῖς</span> <span class='ocrx_word' id='word_1_36' title='bbox 1104 1081 1263 1167; x_wconf 81' lang='grc' dir='ltr'>ἀθληταῖς,</span> <span class='ocrx_word' id='word_1_37' title='bbox 1276 1079 1339 1158; x_wconf 82' lang='grc' dir='ltr'>ε’ξδν</span> <span class='ocrx_word' id='word_1_38' title='bbox 1351 1083 1460 1175; x_wconf 87' lang='grc' dir='ltr'>λέγειν·</span> 
     </span>
     <span class='ocr_line' id='line_1_6' title="bbox 371 1188 1465 1277; baseline 0.003 -19"><span class='ocrx_word' id='word_1_39' title='bbox 371 1218 386 1247; x_wconf 73' lang='lat'>⁴⁸</span> <span class='ocrx_word' id='word_1_40' title='bbox 402 1196 447 1258; x_wconf 86' lang='grc' dir='ltr'>Εν</span> <span class='ocrx_word' id='word_1_41' title='bbox 468 1192 575 1269; x_wconf 80' lang='grc' dir='ltr'>ἄλλοις</span> <span class='ocrx_word' id='word_1_42' title='bbox 593 1188 654 1257; x_wconf 84' lang='grc' dir='ltr'>ἔδει</span> <span class='ocrx_word' id='word_1_43' title='bbox 673 1201 760 1277; x_wconf 82' lang='grc' dir='ltr'>νικᾷν</span> <span class='ocrx_word' id='word_1_44' title='bbox 778 1215 812 1270; x_wconf 73' lang='grc' dir='ltr'>νς</span> <span class='ocrx_word' id='word_1_45' title='bbox 835 1195 864 1256; x_wconf 93' lang='grc' dir='ltr'>τί</span> <span class='ocrx_word' id='word_1_46' title='bbox 887 1202 950 1268; x_wconf 88' lang='grc' dir='ltr'>τοῖς</span> <span class='ocrx_word' id='word_1_47' title='bbox 968 1194 1021 1263; x_wconf 80' lang='grc' dir='ltr'>τὴν</span> <span class='ocrx_word' id='word_1_48' title='bbox 1044 1193 1128 1258; x_wconf 91' lang='grc' dir='ltr'>πόλιν</span> <span class='ocrx_word' id='word_1_49' title='bbox 1151 1193 1244 1259; x_wconf 87' lang='grc' dir='ltr'>καλὸν</span> <span class='ocrx_word' id='word_1_50' title='bbox 1265 1201 1385 1261; x_wconf 89' lang='grc' dir='ltr'>ποιοῦσι</span> <span class='ocrx_word' id='word_1_51' title='bbox 1409 1198 1465 1272; x_wconf 88' lang='grc' dir='ltr'>τάς</span> 
     </span>
     <span class='ocr_line' id='line_1_7' title="bbox 371 1297 1464 1393; baseline 0.003 -24"><span class='ocrx_word' id='word_1_52' title='bbox 371 1299 537 1391; x_wconf 72' lang='grc' dir='ltr'>ἀμοιὸοίς’,</span> <span class='ocrx_word' id='word_1_53' title='bbox 560 1297 629 1368; x_wconf 87' lang='grc' dir='ltr'>δέον</span> <span class='ocrx_word' id='word_1_54' title='bbox 644 1301 760 1393; x_wconf 85' lang='grc' dir='ltr'>λέγειν,</span> <span class='ocrx_word' id='word_1_55' title='bbox 788 1302 829 1378; x_wconf 85' lang='grc' dir='ltr'>ὡς</span> <span class='ocrx_word' id='word_1_56' title='bbox 851 1302 926 1368; x_wconf 88' lang='grc' dir='ltr'>ἀλλο</span> <span class='ocrx_word' id='word_1_57' title='bbox 943 1327 971 1367; x_wconf 88' lang='grc' dir='ltr'>τι</span> <span class='ocrx_word' id='word_1_58' title='bbox 993 1298 1053 1368; x_wconf 78' lang='grc' dir='ltr'>ἔδει</span> <span class='ocrx_word' id='word_1_59' title='bbox 1077 1313 1172 1368; x_wconf 84' lang='grc' dir='ltr'>ποιεῖν</span> <span class='ocrx_word' id='word_1_60' title='bbox 1194 1306 1246 1370; x_wconf 87' lang='grc' dir='ltr'>καί</span> <span class='ocrx_word' id='word_1_61' title='bbox 1272 1306 1313 1392; x_wconf 75' lang='grc' dir='ltr'>μὴ</span> <span class='ocrx_word' id='word_1_62' title='bbox 1338 1311 1427 1371; x_wconf 78' lang='grc' dir='ltr'>τοῦτο</span> <span class='ocrx_word' id='word_1_63' title='bbox 1449 1307 1464 1372; x_wconf 77' lang='grc' dir='ltr'>ὃ</span> 
     </span>
     <span class='ocr_line' id='line_1_8' title="bbox 370 1413 496 1519; baseline 0.008 -14"><span class='ocrx_word' id='word_1_64' title='bbox 370 1413 496 1519; x_wconf 60' lang='grc' dir='ltr'>νὲνςεεε</span> 
     </span>
    </p>

    <p class='ocr_par' dir='ltr' id='par_1_3' title="bbox 370 1517 1471 3501">
     <span class='ocr_line' id='line_1_9' title="bbox 421 1517 1460 1619; baseline 0.004 -30"><span class='ocrx_word' id='word_1_65' title='bbox 421 1520 465 1590; x_wconf 79' lang='grc' dir='ltr'>Εν</span> <span class='ocrx_word' id='word_1_66' title='bbox 480 1522 598 1598; x_wconf 83' lang='grc' dir='ltr'><strong>τούτοις</strong></span> <span class='ocrx_word' id='word_1_67' title='bbox 616 1518 677 1587; x_wconf 84' lang='grc' dir='ltr'>ἔδει</span> <span class='ocrx_word' id='word_1_68' title='bbox 699 1517 912 1612; x_wconf 78' lang='grc' dir='ltr'>ἀνδρίζεσθαι,</span> <span class='ocrx_word' id='word_1_69' title='bbox 933 1519 1088 1608; x_wconf 85' lang='grc' dir='ltr'>βέλτιστε,</span> <span class='ocrx_word' id='word_1_70' title='bbox 1113 1525 1143 1589; x_wconf 89' lang='grc' dir='ltr'>ἐν</span> <span class='ocrx_word' id='word_1_71' title='bbox 1159 1520 1204 1602; x_wconf 82' lang='grc' dir='ltr'>οἷς</span> <span class='ocrx_word' id='word_1_72' title='bbox 1219 1528 1324 1619; x_wconf 85' lang='grc' dir='ltr'>παρὼν</span> <span class='ocrx_word' id='word_1_73' title='bbox 1341 1531 1460 1616; x_wconf 81' lang='grc' dir='ltr'>ἔτυχον.</span> 
     </span>
     <span class='ocr_line' id='line_1_10' title="bbox 372 1615 1465 1730; baseline 0.004 -29"><span class='ocrx_word' id='word_1_74' title='bbox 372 1615 416 1701; x_wconf 65' lang='lat' dir='ltr'>liv</span> <span class='ocrx_word' id='word_1_75' title='bbox 430 1633 549 1710; x_wconf 79' lang='grc' dir='ltr'>τούτοις</span> <span class='ocrx_word' id='word_1_76' title='bbox 564 1630 626 1699; x_wconf 81' lang='grc' dir='ltr'>ἔδει</span> <span class='ocrx_word' id='word_1_77' title='bbox 641 1641 753 1717; x_wconf 79' lang='grc' dir='ltr'>πονεῖν,</span> <span class='ocrx_word' id='word_1_78' title='bbox 770 1629 801 1709; x_wconf 79' lang='grc' dir='ltr'>ἐξ</span> <span class='ocrx_word' id='word_1_79' title='bbox 814 1627 854 1698; x_wconf 80' lang='grc' dir='ltr'>ὧν</span> <span class='ocrx_word' id='word_1_80' title='bbox 867 1629 904 1705; x_wconf 72' lang='grc' dir='ltr'>ἦν</span> <span class='ocrx_word' id='word_1_81' title='bbox 919 1634 999 1700; x_wconf 91' lang='grc' dir='ltr'>λύειν</span> <span class='ocrx_word' id='word_1_82' title='bbox 1014 1636 1068 1706; x_wconf 75' lang='grc' dir='ltr'>τὴν</span> <span class='ocrx_word' id='word_1_83' title='bbox 1084 1639 1214 1728; x_wconf 81' lang='grc' dir='ltr'>ἀπορίαν</span> <span class='ocrx_word' id='word_1_84' title='bbox 1225 1639 1278 1702; x_wconf 84' lang='grc' dir='ltr'>καί</span> <span class='ocrx_word' id='word_1_85' title='bbox 1294 1639 1465 1730; x_wconf 83' lang='grc' dir='ltr'>θεραπεύειν</span> 
     </span>
     <span class='ocr_line' id='line_1_11' title="bbox 371 1724 1465 1838; baseline 0.005 -28"><span class='ocrx_word' id='word_1_86' title='bbox 371 1746 427 1817; x_wconf 79' lang='grc' dir='ltr'>τίιν</span> <span class='ocrx_word' id='word_1_87' title='bbox 449 1740 647 1838; x_wconf 79' lang='grc' dir='ltr'>ἀποκήρυξιν.</span> <span class='ocrx_word' id='word_1_88' title='bbox 672 1724 749 1836; x_wconf 75' lang='grc' dir='ltr'>Ῠπὲρ</span> <span class='ocrx_word' id='word_1_89' title='bbox 772 1743 885 1810; x_wconf 88' lang='grc' dir='ltr'>τούτων</span> <span class='ocrx_word' id='word_1_90' title='bbox 908 1741 970 1810; x_wconf 84' lang='grc' dir='ltr'>ἔδει</span> <span class='ocrx_word' id='word_1_91' title='bbox 994 1749 1047 1811; x_wconf 88' lang='grc' dir='ltr'>καί</span> <span class='ocrx_word' id='word_1_92' title='bbox 1073 1748 1214 1838; x_wconf 77' lang='grc' dir='ltr'>θαλάσσῃ</span> <span class='ocrx_word' id='word_1_93' title='bbox 1237 1751 1289 1814; x_wconf 88' lang='grc' dir='ltr'>καί</span> <span class='ocrx_word' id='word_1_94' title='bbox 1316 1750 1465 1838; x_wconf 75' lang='grc' dir='ltr'>πνεύμασι</span> 
     </span>
     <span class='ocr_line' id='line_1_12' title="bbox 372 1841 1466 1952; baseline 0.005 -33"><span class='ocrx_word' id='word_1_95' title='bbox 372 1857 549 1945; x_wconf 77' lang='grc' dir='ltr'>μάχεσθαι,</span> <span class='ocrx_word' id='word_1_96' title='bbox 575 1847 615 1920; x_wconf 81' lang='grc' dir='ltr'>ὧν</span> <span class='ocrx_word' id='word_1_97' title='bbox 638 1853 689 1941; x_wconf 89' lang='grc' dir='ltr'>ἐμὲ</span> <span class='ocrx_word' id='word_1_98' title='bbox 714 1850 842 1931; x_wconf 84' lang='grc' dir='ltr'>δικαίως</span> <span class='ocrx_word' id='word_1_99' title='bbox 859 1854 1000 1947; x_wconf 85' lang='grc' dir='ltr'>ἐστι’ρησέ</span> <span class='ocrx_word' id='word_1_100' title='bbox 1016 1882 1051 1948; x_wconf 90' lang='grc' dir='ltr'>γε</span> <span class='ocrx_word' id='word_1_101' title='bbox 1068 1859 1102 1923; x_wconf 84' lang='grc' dir='ltr'>τὸ</span> <span class='ocrx_word' id='word_1_102' title='bbox 1124 1859 1316 1952; x_wconf 82' lang='grc' dir='ltr'>ἀρερέπονον.</span> <span class='ocrx_word' id='word_1_103' title='bbox 1338 1841 1466 1932; x_wconf 81' lang='grc' dir='ltr'>Ᾰποκη-</span> 
     </span>
     <span class='ocr_line' id='line_1_13' title="bbox 372 1960 1467 2059; baseline 0.006 -30"><span class='ocrx_word' id='word_1_104' title='bbox 372 1989 484 2058; x_wconf 89' lang='grc' dir='ltr'>ρνκτος</span> <span class='ocrx_word' id='word_1_105' title='bbox 504 1971 603 2053; x_wconf 65' lang='grc' dir='ltr'>ἤμην,</span> <span class='ocrx_word' id='word_1_106' title='bbox 627 1962 695 2029; x_wconf 86' lang='grc' dir='ltr'>ἀλλ’</span> <span class='ocrx_word' id='word_1_107' title='bbox 716 1960 897 2056; x_wconf 74' lang='grc' dir='ltr'>ἠνδριζόμην</span> <span class='ocrx_word' id='word_1_108' title='bbox 920 1967 973 2030; x_wconf 87' lang='grc' dir='ltr'>καί</span> <span class='ocrx_word' id='word_1_109' title='bbox 995 1964 1066 2059; x_wconf 87' lang='grc' dir='ltr'>ὑπέρ</span> <span class='ocrx_word' id='word_1_110' title='bbox 1090 1963 1233 2057; x_wconf 85' lang='grc' dir='ltr'>δύναμιν·</span> <span class='ocrx_word' id='word_1_111' title='bbox 1255 1970 1467 2057; x_wconf 74' lang='grc' dir='ltr'>ἀπηχθημένος</span> 
     </span>
     <span class='ocr_line' id='line_1_14' title="bbox 372 2074 1465 2173; baseline 0.005 -32"><span class='ocrx_word' id='word_1_112' title='bbox 372 2084 418 2163; x_wconf 85' lang='grc' dir='ltr'>τῷ</span> <span class='ocrx_word' id='word_1_113' title='bbox 444 2076 636 2167; x_wconf 88' lang='grc' dir='ltr'>γεγεννηκότι</span> <span class='ocrx_word' id='word_1_114' title='bbox 643 2095 654 2157; x_wconf 80' lang='lat'>3</span> <span class='ocrx_word' id='word_1_115' title='bbox 686 2074 753 2141; x_wconf 88' lang='grc' dir='ltr'>ἀλλ’</span> <span class='ocrx_word' id='word_1_116' title='bbox 782 2075 921 2163; x_wconf 82' lang='grc' dir='ltr'>ἐπέμεινα</span> <span class='ocrx_word' id='word_1_117' title='bbox 943 2086 980 2166; x_wconf 80' lang='grc' dir='ltr'>τῇ</span> <span class='ocrx_word' id='word_1_118' title='bbox 1010 2079 1077 2149; x_wconf 84' lang='grc' dir='ltr'>νηί·</span> <span class='ocrx_word' id='word_1_119' title='bbox 1105 2074 1186 2156; x_wconf 84' lang='grc' dir='ltr'>ξένος</span> <span class='ocrx_word' id='word_1_120' title='bbox 1210 2088 1269 2145; x_wconf 86' lang='grc' dir='ltr'>τῶν</span> <span class='ocrx_word' id='word_1_121' title='bbox 1292 2090 1465 2173; x_wconf 85' lang='grc' dir='ltr'>πατρικῶν;</span> 
     </span>
     <span class='ocr_line' id='line_1_15' title="bbox 374 2183 1466 2282; baseline 0.005 -29"><span class='ocrx_word' id='word_1_122' title='bbox 374 2186 445 2253; x_wconf 77' lang='grc' dir='ltr'>ἀλλ’</span> <span class='ocrx_word' id='word_1_123' title='bbox 461 2183 540 2253; x_wconf 86' lang='grc' dir='ltr'>ίδιον</span> <span class='ocrx_word' id='word_1_124' title='bbox 559 2195 617 2252; x_wconf 88' lang='grc' dir='ltr'>τῶν</span> <span class='ocrx_word' id='word_1_125' title='bbox 638 2188 734 2253; x_wconf 93' lang='grc' dir='ltr'>πόνων</span> <span class='ocrx_word' id='word_1_126' title='bbox 753 2190 844 2275; x_wconf 83' lang='grc' dir='ltr'>ἔσχον</span> <span class='ocrx_word' id='word_1_127' title='bbox 864 2189 993 2279; x_wconf 90' lang='grc' dir='ltr'>καρπόν.</span> <span class='ocrx_word' id='word_1_128' title='bbox 1017 2191 1069 2264; x_wconf 90' lang='grc' dir='ltr'>Τίς</span> <span class='ocrx_word' id='word_1_129' title='bbox 1087 2192 1221 2282; x_wconf 86' lang='grc' dir='ltr'>γεωργὸς</span> <span class='ocrx_word' id='word_1_130' title='bbox 1238 2191 1278 2256; x_wconf 83' lang='grc' dir='ltr'>ὢν</span> <span class='ocrx_word' id='word_1_131' title='bbox 1295 2194 1347 2257; x_wconf 87' lang='grc' dir='ltr'>καί</span> <span class='ocrx_word' id='word_1_132' title='bbox 1366 2218 1466 2259; x_wconf 87' lang='grc' dir='ltr'>κατα-</span> 
     </span>
     <span class='ocr_line' id='line_1_16' title="bbox 374 2296 1469 2395; baseline 0.002 -30"><span class='ocrx_word' id='word_1_133' title='bbox 374 2296 495 2365; x_wconf 58' lang='lat' dir='ltr'>&amp;nov</span> <span class='ocrx_word' id='word_1_134' title='bbox 517 2296 638 2374; x_wconf 73' lang='grc' dir='ltr'>κόποις’</span> <span class='ocrx_word' id='word_1_135' title='bbox 655 2306 802 2388; x_wconf 85' lang='grc' dir='ltr'>χειμῶνος</span> <span class='ocrx_word' id='word_1_136' title='bbox 818 2300 857 2363; x_wconf 86' lang='grc' dir='ltr'>τά</span> <span class='ocrx_word' id='word_1_137' title='bbox 876 2297 1055 2390; x_wconf 85' lang='grc' dir='ltr'>σπέρματα,</span> <span class='ocrx_word' id='word_1_138' title='bbox 1076 2300 1181 2376; x_wconf 85' lang='grc' dir='ltr'>ἀλλοις</span> <span class='ocrx_word' id='word_1_139' title='bbox 1198 2301 1228 2377; x_wconf 85' lang='grc' dir='ltr'>ἐς</span> <span class='ocrx_word' id='word_1_140' title='bbox 1248 2302 1344 2366; x_wconf 88' lang='grc' dir='ltr'>νέωτα</span> <span class='ocrx_word' id='word_1_141' title='bbox 1361 2327 1469 2395; x_wconf 91' lang='grc' dir='ltr'>παρα-</span> 
     </span>
     <span class='ocr_line' id='line_1_17' title="bbox 374 2408 1467 2502; baseline 0.003 -27"><span class='ocrx_word' id='word_1_142' title='bbox 374 2418 471 2502; x_wconf 84' lang='grc' dir='ltr'>χωρεῖ</span> <span class='ocrx_word' id='word_1_143' title='bbox 485 2417 546 2475; x_wconf 84' lang='grc' dir='ltr'>τῶν</span> <span class='ocrx_word' id='word_1_144' title='bbox 560 2416 701 2502; x_wconf 84' lang='grc' dir='ltr'>καρπών;</span> <span class='ocrx_word' id='word_1_145' title='bbox 721 2411 767 2486; x_wconf 91' lang='grc' dir='ltr'>τίς</span> <span class='ocrx_word' id='word_1_146' title='bbox 782 2409 881 2474; x_wconf 86' lang='grc' dir='ltr'>ἀθλῶν</span> <span class='ocrx_word' id='word_1_147' title='bbox 898 2412 951 2474; x_wconf 90' lang='grc' dir='ltr'>καί</span> <span class='ocrx_word' id='word_1_148' title='bbox 973 2414 1099 2486; x_wconf 80' lang='grc' dir='ltr'>νικήσας</span> <span class='ocrx_word' id='word_1_149' title='bbox 1116 2411 1219 2487; x_wconf 83' lang='grc' dir='ltr'>ἄλλοις</span> <span class='ocrx_word' id='word_1_150' title='bbox 1237 2408 1392 2486; x_wconf 81' lang='grc' dir='ltr'>ἐξίσταται</span> <span class='ocrx_word' id='word_1_151' title='bbox 1409 2422 1467 2478; x_wconf 86' lang='grc' dir='ltr'>τῶν</span> 
     </span>
     <span class='ocr_line' id='line_1_18' title="bbox 374 2519 1465 2612; baseline 0.003 -27"><span class='ocrx_word' id='word_1_152' title='bbox 374 2523 548 2612; x_wconf 72' lang='grc' dir='ltr'>στεφάνωνς</span> <span class='ocrx_word' id='word_1_153' title='bbox 571 2521 619 2596; x_wconf 90' lang='grc' dir='ltr'>τίς</span> <span class='ocrx_word' id='word_1_154' title='bbox 640 2519 736 2585; x_wconf 85' lang='grc' dir='ltr'>πλέων</span> <span class='ocrx_word' id='word_1_155' title='bbox 755 2519 802 2585; x_wconf 85' lang='grc' dir='ltr'>ε’πί</span> <span class='ocrx_word' id='word_1_156' title='bbox 824 2521 892 2596; x_wconf 87' lang='grc' dir='ltr'>νηὸς</span> <span class='ocrx_word' id='word_1_157' title='bbox 914 2522 966 2585; x_wconf 87' lang='grc' dir='ltr'>καί</span> <span class='ocrx_word' id='word_1_158' title='bbox 985 2525 1037 2585; x_wconf 81' lang='grc' dir='ltr'>τοῦ</span> <span class='ocrx_word' id='word_1_159' title='bbox 1055 2528 1204 2609; x_wconf 83' lang='grc' dir='ltr'>χειμῶνος</span> <span class='ocrx_word' id='word_1_160' title='bbox 1220 2520 1465 2609; x_wconf 74' lang='grc' dir='ltr'>καταλαθόντος,</span> 
     </span>
     <span class='ocr_line' id='line_1_19' title="bbox 375 2630 1467 2724; baseline 0.002 -28"><span class='ocrx_word' id='word_1_161' title='bbox 375 2640 436 2697; x_wconf 82' lang='grc' dir='ltr'>τῶν</span> <span class='ocrx_word' id='word_1_162' title='bbox 451 2632 553 2697; x_wconf 78' lang='grc' dir='ltr'>ἄλλων</span> <span class='ocrx_word' id='word_1_163' title='bbox 568 2632 795 2722; x_wconf 71' lang='grc' dir='ltr'>ἀποφυγόντων,</span> <span class='ocrx_word' id='word_1_164' title='bbox 812 2630 902 2706; x_wconf 78' lang='grc' dir='ltr'>αὐτὸς</span> <span class='ocrx_word' id='word_1_165' title='bbox 919 2630 1074 2718; x_wconf 83' lang='grc' dir='ltr'>ἐπιμένων,</span> <span class='ocrx_word' id='word_1_166' title='bbox 1092 2631 1183 2718; x_wconf 86' lang='grc' dir='ltr'>ὁμόσε</span> <span class='ocrx_word' id='word_1_167' title='bbox 1201 2639 1309 2722; x_wconf 85' lang='grc' dir='ltr'>χωρῶν</span> <span class='ocrx_word' id='word_1_168' title='bbox 1323 2634 1374 2696; x_wconf 88' lang='grc' dir='ltr'>καί</span> <span class='ocrx_word' id='word_1_169' title='bbox 1391 2634 1467 2724; x_wconf 81' lang='grc' dir='ltr'>ζοίλιρ</span> 
     </span>
     <span class='ocr_line' id='line_1_20' title="bbox 375 2738 1468 2834; baseline 0.001 -26"><span class='ocrx_word' id='word_1_170' title='bbox 375 2744 429 2808; x_wconf 84' lang='grc' dir='ltr'>καί</span> <span class='ocrx_word' id='word_1_171' title='bbox 444 2744 607 2834; x_wconf 82' lang='grc' dir='ltr'>καταιγίσι</span> <span class='ocrx_word' id='word_1_172' title='bbox 619 2743 672 2807; x_wconf 83' lang='grc' dir='ltr'>καί</span> <span class='ocrx_word' id='word_1_173' title='bbox 686 2740 864 2830; x_wconf 86' lang='grc' dir='ltr'>πνεύμασιν,</span> <span class='ocrx_word' id='word_1_174' title='bbox 880 2738 965 2826; x_wconf 81' lang='grc' dir='ltr'>εἶτα,</span> <span class='ocrx_word' id='word_1_175' title='bbox 983 2743 1208 2833; x_wconf 87' lang='grc' dir='ltr'>περιγενόμενος</span> <span class='ocrx_word' id='word_1_176' title='bbox 1220 2751 1278 2807; x_wconf 83' lang='grc' dir='ltr'>τῶν</span> <span class='ocrx_word' id='word_1_177' title='bbox 1292 2738 1410 2827; x_wconf 83' lang='grc' dir='ltr'>δεινῶν,</span> <span class='ocrx_word' id='word_1_178' title='bbox 1428 2747 1468 2809; x_wconf 86' lang='grc' dir='ltr'>τὰ</span> 
     </span>
     <span class='ocr_line' id='line_1_21' title="bbox 375 2831 1467 2946; baseline 0.002 -28"><span class='ocrx_word' id='word_1_179' title='bbox 375 2861 430 2930; x_wconf 79' lang='grc' dir='ltr'>τῆς</span> <span class='ocrx_word' id='word_1_180' title='bbox 440 2852 535 2942; x_wconf 86' lang='grc' dir='ltr'>τύχης</span> <span class='ocrx_word' id='word_1_181' title='bbox 547 2848 631 2944; x_wconf 86' lang='grc' dir='ltr'>δῶρα</span> <span class='ocrx_word' id='word_1_182' title='bbox 644 2852 807 2940; x_wconf 80' lang='grc' dir='ltr'>λαμθοίνειν</span> <span class='ocrx_word' id='word_1_183' title='bbox 820 2853 922 2929; x_wconf 89' lang='grc' dir='ltr'>ἀλλοις</span> <span class='ocrx_word' id='word_1_184' title='bbox 936 2855 1075 2945; x_wconf 81' lang='grc' dir='ltr'>ἀρίησιν;</span> <span class='ocrx_word' id='word_1_185' title='bbox 1092 2831 1198 2946; x_wconf 76' lang='grc' dir='ltr'>Ᾰφρων</span> <span class='ocrx_word' id='word_1_186' title='bbox 1213 2853 1249 2918; x_wconf 87' lang='grc' dir='ltr'>ἀν</span> <span class='ocrx_word' id='word_1_187' title='bbox 1259 2849 1308 2939; x_wconf 73' lang='grc' dir='ltr'>ἦν,</span> <span class='ocrx_word' id='word_1_188' title='bbox 1324 2857 1363 2938; x_wconf 85' lang='grc' dir='ltr'>εἰ,</span> <span class='ocrx_word' id='word_1_189' title='bbox 1379 2860 1467 2921; x_wconf 80' lang='grc' dir='ltr'>τοῦτο</span> 
     </span>
     <span class='ocr_line' id='line_1_22' title="bbox 370 2950 1465 3056; baseline 0.001 -27"><span class='ocrx_word' id='word_1_190' title='bbox 370 2950 564 3056; x_wconf 45' lang='grc' dir='ltr'>’προςδοκῶν,</span> <span class='ocrx_word' id='word_1_191' title='bbox 580 2964 637 3029; x_wconf 85' lang='grc' dir='ltr'>κάν</span> <span class='ocrx_word' id='word_1_192' title='bbox 651 2964 732 3056; x_wconf 83' lang='grc' dir='ltr'>ὥραν</span> <span class='ocrx_word' id='word_1_193' title='bbox 746 2966 818 3051; x_wconf 90' lang='grc' dir='ltr'>μίαν</span> <span class='ocrx_word' id='word_1_194' title='bbox 831 2963 984 3052; x_wconf 88' lang='grc' dir='ltr'>ἐπέμεινα.</span> <span class='ocrx_word' id='word_1_195' title='bbox 1002 2966 1060 3029; x_wconf 86' lang='grc' dir='ltr'>Διά</span> <span class='ocrx_word' id='word_1_196' title='bbox 1073 2966 1103 3028; x_wconf 87' lang='grc' dir='ltr'>τί</span> <span class='ocrx_word' id='word_1_197' title='bbox 1115 2968 1188 3056; x_wconf 81' lang='grc' dir='ltr'>γάρ,</span> <span class='ocrx_word' id='word_1_198' title='bbox 1204 2960 1330 3056; x_wconf 63' lang='grc' dir='ltr'>ἄνδρας</span> <span class='ocrx_word' id='word_1_199' title='bbox 1349 2961 1403 3030; x_wconf 87' lang='grc' dir='ltr'>διά</span> <span class='ocrx_word' id='word_1_200' title='bbox 1418 2971 1449 3031; x_wconf 84' lang='grc' dir='ltr'>τί</span> <span class='ocrx_word' id='word_1_201' title='bbox 1458 2993 1465 3041; x_wconf 90' lang='grc'>;</span> 
     </span>
     <span class='ocr_line' id='line_1_23' title="bbox 377 3075 1466 3168; baseline 0.001 -27"><span class='ocrx_word' id='word_1_202' title='bbox 377 3076 427 3141; x_wconf 88' lang='grc' dir='ltr'>ίνα</span> <span class='ocrx_word' id='word_1_203' title='bbox 450 3086 552 3152; x_wconf 81' lang='grc' dir='ltr'>κεναῖς</span> <span class='ocrx_word' id='word_1_204' title='bbox 575 3075 711 3142; x_wconf 87' lang='grc' dir='ltr'>ἀπελθὼν</span> <span class='ocrx_word' id='word_1_205' title='bbox 730 3085 800 3152; x_wconf 88' lang='grc' dir='ltr'>ταῖς</span> <span class='ocrx_word' id='word_1_206' title='bbox 821 3078 938 3167; x_wconf 89' lang='grc' dir='ltr'>χερσίν,</span> <span class='ocrx_word' id='word_1_207' title='bbox 959 3075 1080 3141; x_wconf 88' lang='grc' dir='ltr'>ε’παίνον</span> <span class='ocrx_word' id='word_1_208' title='bbox 1098 3075 1181 3165; x_wconf 85' lang='grc' dir='ltr'>τύχω</span> <span class='ocrx_word' id='word_1_209' title='bbox 1202 3079 1254 3141; x_wconf 87' lang='grc' dir='ltr'>καί</span> <span class='ocrx_word' id='word_1_210' title='bbox 1277 3084 1466 3168; x_wconf 76' lang='grc' dir='ltr'>κροτησμοῡς</span> 
     </span>
     <span class='ocr_line' id='line_1_24' title="bbox 378 3182 1468 3277; baseline -0.001 -26"><span class='ocrx_word' id='word_1_211' title='bbox 378 3182 463 3263; x_wconf 79' lang='grc' dir='ltr'>ἀξιον</span> <span class='ocrx_word' id='word_1_212' title='bbox 485 3186 524 3251; x_wconf 86' lang='grc' dir='ltr'>διν</span> <span class='ocrx_word' id='word_1_213' title='bbox 544 3182 635 3258; x_wconf 77' lang='grc' dir='ltr'>ἦντὸ</span> <span class='ocrx_word' id='word_1_214' title='bbox 656 3187 747 3277; x_wconf 87' lang='grc' dir='ltr'>γέρας</span> <span class='ocrx_word' id='word_1_215' title='bbox 765 3194 822 3250; x_wconf 86' lang='grc' dir='ltr'>τῶν</span> <span class='ocrx_word' id='word_1_216' title='bbox 838 3184 988 3250; x_wconf 87' lang='grc' dir='ltr'>τοσούτων</span> <span class='ocrx_word' id='word_1_217' title='bbox 1004 3189 1057 3250; x_wconf 89' lang='grc' dir='ltr'>καί</span> <span class='ocrx_word' id='word_1_218' title='bbox 1075 3186 1257 3258; x_wconf 85' lang='grc' dir='ltr'>τηλικούτων</span> <span class='ocrx_word' id='word_1_219' title='bbox 1279 3187 1394 3271; x_wconf 91' lang='grc' dir='ltr'>πόνων,</span> <span class='ocrx_word' id='word_1_220' title='bbox 1416 3190 1468 3252; x_wconf 88' lang='grc' dir='ltr'>καί</span> 
     </span>
     <span class='ocr_line' id='line_1_25' title="bbox 377 3291 1470 3389; baseline 0 -28"><span class='ocrx_word' id='word_1_221' title='bbox 377 3306 432 3375; x_wconf 77' lang='grc' dir='ltr'>τῆς</span> <span class='ocrx_word' id='word_1_222' title='bbox 454 3306 576 3389; x_wconf 79' lang='grc' dir='ltr'>μακρᾶς</span> <span class='ocrx_word' id='word_1_223' title='bbox 594 3296 708 3374; x_wconf 87' lang='grc' dir='ltr'>ἐκείνης</span> <span class='ocrx_word' id='word_1_224' title='bbox 729 3300 781 3362; x_wconf 85' lang='grc' dir='ltr'>καὶ</span> <span class='ocrx_word' id='word_1_225' title='bbox 807 3291 1008 3372; x_wconf 82' lang='grc' dir='ltr'>κινδυνώδονς</span> <span class='ocrx_word' id='word_1_226' title='bbox 1024 3307 1202 3389; x_wconf 80' lang='grc' dir='ltr'>περιφορᾶς·</span> <span class='ocrx_word' id='word_1_227' title='bbox 1227 3297 1360 3362; x_wconf 81' lang='grc' dir='ltr'>ἀλλ’ἵνα</span> <span class='ocrx_word' id='word_1_228' title='bbox 1379 3298 1470 3363; x_wconf 90' lang='grc' dir='ltr'>πάλιν</span> 
     </span>
     <span class='ocr_line' id='line_1_26' title="bbox 378 3404 1471 3501; baseline -0.004 -25"><span class='ocrx_word' id='word_1_229' title='bbox 378 3414 422 3487; x_wconf 85' lang='grc' dir='ltr'>είς</span> <span class='ocrx_word' id='word_1_230' title='bbox 434 3406 630 3501; x_wconf 79' lang='grc' dir='ltr'>δικαστήριον</span> <span class='ocrx_word' id='word_1_231' title='bbox 643 3409 796 3494; x_wconf 80' lang='grc' dir='ltr'>ἑλκυσθῶ,</span> <span class='ocrx_word' id='word_1_232' title='bbox 817 3412 868 3474; x_wconf 84' lang='grc' dir='ltr'>καί</span> <span class='ocrx_word' id='word_1_233' title='bbox 887 3404 1037 3486; x_wconf 79' lang='grc' dir='ltr'>δικαστὰς</span> <span class='ocrx_word' id='word_1_234' title='bbox 1055 3406 1112 3474; x_wconf 91' lang='grc' dir='ltr'>ίδω</span> <span class='ocrx_word' id='word_1_235' title='bbox 1128 3411 1179 3474; x_wconf 84' lang='grc' dir='ltr'>καί</span> <span class='ocrx_word' id='word_1_236' title='bbox 1194 3406 1300 3496; x_wconf 81' lang='grc' dir='ltr'>βῆμα,</span> <span class='ocrx_word' id='word_1_237' title='bbox 1317 3412 1369 3472; x_wconf 84' lang='grc' dir='ltr'>καί</span> <span class='ocrx_word' id='word_1_238' title='bbox 1386 3413 1471 3499; x_wconf 85' lang='grc' dir='ltr'>ἀγω-</span> 
     </span>
    </p>
   </div>
   <div class='ocr_carea' id='block_1_2' title="bbox 379 3513 1470 3941">
    <p class='ocr_par' dir='ltr' id='par_1_4' title="bbox 379 3513 1470 3718">
     <span class='ocr_line' id='line_1_27' title="bbox 379 3513 1470 3611; baseline -0.004 -25"><span class='ocrx_word' id='word_1_239' title='bbox 379 3522 514 3597; x_wconf 85' lang='grc' dir='ltr'>νίζεσθαι</span> <span class='ocrx_word' id='word_1_240' title='bbox 531 3522 775 3611; x_wconf 87' lang='grc' dir='ltr'>ἀναγκάζωμαι;</span> <span class='ocrx_word' id='word_1_241' title='bbox 795 3518 930 3609; x_wconf 85' lang='grc' dir='ltr'>λαμπρὸν</span> <span class='ocrx_word' id='word_1_242' title='bbox 948 3519 984 3583; x_wconf 87' lang='grc' dir='ltr'>ἀν</span> <span class='ocrx_word' id='word_1_243' title='bbox 1000 3515 1036 3590; x_wconf 72' lang='grc' dir='ltr'>ἦν</span> <span class='ocrx_word' id='word_1_244' title='bbox 1058 3521 1091 3584; x_wconf 84' lang='grc' dir='ltr'>τὸ</span> <span class='ocrx_word' id='word_1_245' title='bbox 1111 3518 1157 3584; x_wconf 84' lang='grc' dir='ltr'>ἐπὶ</span> <span class='ocrx_word' id='word_1_246' title='bbox 1177 3528 1242 3594; x_wconf 86' lang='grc' dir='ltr'>τοῖς</span> <span class='ocrx_word' id='word_1_247' title='bbox 1258 3519 1363 3593; x_wconf 86' lang='grc' dir='ltr'>κόποις</span> <span class='ocrx_word' id='word_1_248' title='bbox 1379 3513 1470 3582; x_wconf 86' lang='grc' dir='ltr'>ἀθλον</span> 
     </span>
     <span class='ocr_line' id='line_1_28' title="bbox 380 3627 1214 3718; baseline -0.007 -21"><span class='ocrx_word' id='word_1_249' title='bbox 380 3634 433 3697; x_wconf 82' lang='grc' dir='ltr'>καὶ</span> <span class='ocrx_word' id='word_1_250' title='bbox 451 3633 612 3718; x_wconf 79' lang='grc' dir='ltr'>θαυμάσαι</span> <span class='ocrx_word' id='word_1_251' title='bbox 628 3627 725 3706; x_wconf 78' lang='grc' dir='ltr'>ἀξιον.</span> <span class='ocrx_word' id='word_1_252' title='bbox 1212 3666 1214 3670; x_wconf 93' lang='grc'>-</span> 
     </span>
    </p>

    <p class='ocr_par' dir='ltr' id='par_1_5' title="bbox 380 3737 1470 3941">
     <span class='ocr_line' id='line_1_29' title="bbox 428 3737 1470 3834; baseline -0.001 -28"><span class='ocrx_word' id='word_1_253' title='bbox 428 3744 465 3806; x_wconf 86' lang='grc' dir='ltr'>Τί</span> <span class='ocrx_word' id='word_1_254' title='bbox 477 3741 649 3826; x_wconf 84' lang='grc' dir='ltr'>τηνάλλως,</span> <span class='ocrx_word' id='word_1_255' title='bbox 667 3744 821 3834; x_wconf 82' lang='grc' dir='ltr'>ἄνθρωπε,</span> <span class='ocrx_word' id='word_1_256' title='bbox 840 3739 955 3831; x_wconf 86' lang='grc' dir='ltr'>λέγεις,</span> <span class='ocrx_word' id='word_1_257' title='bbox 974 3743 1026 3805; x_wconf 83' lang='grc' dir='ltr'>καὶ</span> <span class='ocrx_word' id='word_1_258' title='bbox 1044 3749 1096 3815; x_wconf 81' lang='grc' dir='ltr'>τῆς</span> <span class='ocrx_word' id='word_1_259' title='bbox 1114 3739 1186 3828; x_wconf 78' lang='grc' dir='ltr'>ἐμῆς</span> <span class='ocrx_word' id='word_1_260' title='bbox 1200 3737 1366 3833; x_wconf 86' lang='grc' dir='ltr'>βαρύτερος</span> <span class='ocrx_word' id='word_1_261' title='bbox 1382 3744 1470 3831; x_wconf 79' lang='grc' dir='ltr'>ραίνη</span> 
     </span>
     <span class='ocr_line' id='line_1_30' title="bbox 380 3846 1469 3941; baseline 0.001 -26"><span class='ocrx_word' id='word_1_262' title='bbox 380 3849 493 3941; x_wconf 77' lang='grc' dir='ltr'>τύχης;</span> <span class='ocrx_word' id='word_1_263' title='bbox 515 3846 561 3929; x_wconf 78' lang='grc' dir='ltr'>οἷς</span> <span class='ocrx_word' id='word_1_264' title='bbox 581 3849 643 3919; x_wconf 56' lang='grc' dir='ltr'>ότιὓ</span> <span class='ocrx_word' id='word_1_265' title='bbox 659 3852 755 3924; x_wconf 88' lang='grc' dir='ltr'>ἐκείνη</span> <span class='ocrx_word' id='word_1_266' title='bbox 775 3851 841 3939; x_wconf 88' lang='grc' dir='ltr'>μέν,</span> <span class='ocrx_word' id='word_1_267' title='bbox 866 3854 891 3914; x_wconf 85' lang='grc' dir='ltr'>εἰ</span> <span class='ocrx_word' id='word_1_268' title='bbox 912 3853 964 3915; x_wconf 85' lang='grc' dir='ltr'>καί</span> <span class='ocrx_word' id='word_1_269' title='bbox 984 3850 1086 3938; x_wconf 89' lang='grc' dir='ltr'>μόλις,</span> <span class='ocrx_word' id='word_1_270' title='bbox 1106 3851 1173 3917; x_wconf 86' lang='grc' dir='ltr'>ἀλλ’</span> <span class='ocrx_word' id='word_1_271' title='bbox 1192 3851 1272 3939; x_wconf 82' lang='grc' dir='ltr'>ὅμως</span> <span class='ocrx_word' id='word_1_272' title='bbox 1290 3851 1469 3936; x_wconf 88' lang='grc' dir='ltr'>ἐσπείσατο,</span> 
     </span>
    </p>
   </div>
   <div class='ocr_carea' id='block_1_3' title="bbox 383 4123 1497 4506">
    <p class='ocr_par' dir='ltr' id='par_1_6' title="bbox 415 4123 1473 4191">
     <span class='ocr_line' id='line_1_31' title="bbox 415 4123 1473 4191; baseline -0.001 -15"><span class='ocrx_word' id='word_1_273' title='bbox 415 4124 604 4191; x_wconf 77' lang='lat' dir='ltr'><strong>&#39;Repetendum</strong></span> <span class='ocrx_word' id='word_1_274' title='bbox 615 4136 697 4175; x_wconf 76' lang='lat' dir='ltr'><strong>mente</strong></span> <span class='ocrx_word' id='word_1_275' title='bbox 707 4127 804 4175; x_wconf 80' lang='grc' dir='ltr'>διδοῦσι.</span> <span class='ocrx_word' id='word_1_276' title='bbox 942 4123 1039 4174; x_wconf 82' lang='lat' dir='ltr'>Choric.</span> <span class='ocrx_word' id='word_1_277' title='bbox 1063 4140 1088 4187; x_wconf 84' lang='lat' dir='ltr'>p.</span> <span class='ocrx_word' id='word_1_278' title='bbox 1112 4126 1170 4172; x_wconf 79' lang='lat'><strong>256.</strong></span> <span class='ocrx_word' id='word_1_279' title='bbox 1198 4124 1232 4172; x_wconf 84' lang='lat' dir='ltr'>Ea</span> <span class='ocrx_word' id='word_1_280' title='bbox 1255 4141 1312 4174; x_wconf 81' lang='lat' dir='ltr'>usus</span> <span class='ocrx_word' id='word_1_281' title='bbox 1336 4136 1373 4173; x_wconf 80' lang='grc' dir='ltr'>εει</span> <span class='ocrx_word' id='word_1_282' title='bbox 1401 4142 1473 4191; x_wconf 79' lang='lat' dir='ltr'>supra</span> 
     </span>
    </p>

    <p class='ocr_par' dir='ltr' id='par_1_7' title="bbox 383 4200 1476 4349">
     <span class='ocr_line' id='line_1_32' title="bbox 414 4200 1476 4266; baseline 0.003 -15"><span class='ocrx_word' id='word_1_283' title='bbox 414 4200 476 4252; x_wconf 75' lang='lat' dir='ltr'>’Sic</span> <span class='ocrx_word' id='word_1_284' title='bbox 491 4202 548 4253; x_wconf 80' lang='lat' dir='ltr'><strong>cod.</strong></span> <span class='ocrx_word' id='word_1_285' title='bbox 566 4202 680 4253; x_wconf 72' lang='lat' dir='ltr'>Fortasse</span> <span class='ocrx_word' id='word_1_286' title='bbox 691 4203 781 4254; x_wconf 80' lang='lat' dir='ltr'>excidit</span> <span class='ocrx_word' id='word_1_287' title='bbox 793 4201 914 4266; x_wconf 78' lang='lat' dir='ltr'>praeposi·</span> <span class='ocrx_word' id='word_1_288' title='bbox 942 4217 969 4265; x_wconf 90' lang='lat' dir='ltr'>p.</span> <span class='ocrx_word' id='word_1_289' title='bbox 982 4203 1025 4261; x_wconf 82' lang='lat'>91,</span> <span class='ocrx_word' id='word_1_290' title='bbox 1041 4203 1070 4260; x_wconf 66' lang='grc' dir='ltr'>λς</span> <span class='ocrx_word' id='word_1_291' title='bbox 1080 4210 1161 4251; x_wconf 75' lang='lat' dir='ltr'>utetur</span> <span class='ocrx_word' id='word_1_292' title='bbox 1170 4212 1195 4249; x_wconf 81' lang='grc' dir='ltr'>ει</span> <span class='ocrx_word' id='word_1_293' title='bbox 1211 4201 1277 4250; x_wconf 81' lang='grc' dir='ltr'>Ιλοελ.</span> <span class='ocrx_word' id='word_1_294' title='bbox 1289 4202 1324 4261; x_wconf 84' lang='grc' dir='ltr'>Χ,</span> <span class='ocrx_word' id='word_1_295' title='bbox 1335 4203 1378 4252; x_wconf 80' lang='lat' dir='ltr'>xl.</span> <span class='ocrx_word' id='word_1_296' title='bbox 1391 4203 1476 4254; x_wconf 78' lang='lat' dir='ltr'>Aristi-</span> 
     </span>
     <span class='ocr_line' id='line_1_33' title="bbox 383 4279 1474 4349; baseline 0.004 -20"><span class='ocrx_word' id='word_1_297' title='bbox 383 4279 708 4339; x_wconf 73' lang='grc' dir='ltr'>ὶίοσῦκκόπσες,ἐνκόποις.</span> <span class='ocrx_word' id='word_1_298' title='bbox 782 4282 785 4287; x_wconf 74' lang='grc'><strong>’</strong></span> <span class='ocrx_word' id='word_1_299' title='bbox 839 4286 844 4297; x_wconf 85' lang='grc'><em>“</em></span> <span class='ocrx_word' id='word_1_300' title='bbox 943 4279 987 4328; x_wconf 85' lang='lat' dir='ltr'>des</span> <span class='ocrx_word' id='word_1_301' title='bbox 1000 4289 1107 4328; x_wconf 80' lang='lat' dir='ltr'><strong>extrema</strong></span> <span class='ocrx_word' id='word_1_302' title='bbox 1121 4279 1231 4328; x_wconf 78' lang='lat' dir='ltr'><strong>oratione</strong></span> <span class='ocrx_word' id='word_1_303' title='bbox 1245 4281 1377 4349; x_wconf 74' lang='grc' dir='ltr'>δόεχοίριν</span> <span class='ocrx_word' id='word_1_304' title='bbox 1393 4285 1421 4333; x_wconf 84' lang='grc' dir='ltr'>διν</span> <span class='ocrx_word' id='word_1_305' title='bbox 1439 4288 1474 4334; x_wconf 83' lang='grc' dir='ltr'>εἰ·</span> 
     </span>
    </p>

    <p class='ocr_par' dir='ltr' id='par_1_8' title="bbox 384 4357 1497 4506">
     <span class='ocr_line' id='line_1_34' title="bbox 416 4357 1478 4424; baseline 0.001 -16"><span class='ocrx_word' id='word_1_306' title='bbox 416 4358 427 4384; x_wconf 82' lang='lat'>⁸</span> <span class='ocrx_word' id='word_1_307' title='bbox 440 4358 678 4424; x_wconf 78' lang='lat' dir='ltr'><strong>Exemplaformulae</strong></span> <span class='ocrx_word' id='word_1_308' title='bbox 689 4362 723 4418; x_wconf 77' lang='grc' dir='ltr'>οἷς</span> <span class='ocrx_word' id='word_1_309' title='bbox 735 4359 773 4410; x_wconf 82' lang='grc' dir='ltr'>ὅτι</span> <span class='ocrx_word' id='word_1_310' title='bbox 782 4373 813 4408; x_wconf 78' lang='lat' dir='ltr'>ex</span> <span class='ocrx_word' id='word_1_311' title='bbox 822 4357 916 4423; x_wconf 81' lang='lat' dir='ltr'><strong>Pachy·</strong></span> <span class='ocrx_word' id='word_1_312' title='bbox 944 4357 1073 4421; x_wconf 83' lang='grc' dir='ltr'>κότωςέχοι</span> <span class='ocrx_word' id='word_1_313' title='bbox 1081 4361 1198 4414; x_wconf 84' lang='grc' dir='ltr'>Λεπτίνης</span> <span class='ocrx_word' id='word_1_314' title='bbox 1206 4360 1239 4415; x_wconf 77' lang='grc' dir='ltr'>οἷς</span> <span class='ocrx_word' id='word_1_315' title='bbox 1247 4359 1285 4408; x_wconf 85' lang='grc' dir='ltr'>ότι</span> <span class='ocrx_word' id='word_1_316' title='bbox 1295 4363 1363 4411; x_wconf 82' lang='grc' dir='ltr'>πλέον</span> <span class='ocrx_word' id='word_1_317' title='bbox 1376 4363 1478 4414; x_wconf 78' lang='grc' dir='ltr'>ἐντεῦθεν</span> 
     </span>
     <span class='ocr_line' id='line_1_35' title="bbox 384 4434 1497 4506; baseline 0.003 -22"><span class='ocrx_word' id='word_1_318' title='bbox 384 4436 456 4485; x_wconf 74' lang='lat' dir='ltr'>meris</span> <span class='ocrx_word' id='word_1_319' title='bbox 470 4436 693 4502; x_wconf 75' lang='lat' dir='ltr'><strong>Progymnasmatis</strong></span> <span class='ocrx_word' id='word_1_320' title='bbox 705 4437 761 4486; x_wconf 85' lang='lat' dir='ltr'><strong>vide</strong></span> <span class='ocrx_word' id='word_1_321' title='bbox 773 4436 797 4484; x_wconf 88' lang='lat' dir='ltr'>in</span> <span class='ocrx_word' id='word_1_322' title='bbox 810 4434 873 4484; x_wconf 82' lang='grc' dir='ltr'>οοῑῑε</span> <span class='ocrx_word' id='word_1_323' title='bbox 886 4434 917 4482; x_wconf 85' lang='lat' dir='ltr'>ad</span> <span class='ocrx_word' id='word_1_324' title='bbox 945 4442 1026 4486; x_wconf 81' lang='grc' dir='ltr'>τοῦτον</span> <span class='ocrx_word' id='word_1_325' title='bbox 1036 4439 1161 4500; x_wconf 82' lang='grc' dir='ltr'>σεμνύνεις.</span> <span class='ocrx_word' id='word_1_326' title='bbox 1173 4436 1277 4496; x_wconf 70' lang='lat' dir='ltr'>Gallice,</span> <span class='ocrx_word' id='word_1_327' title='bbox 1291 4455 1343 4488; x_wconf 78' lang='lat' dir='ltr'>«en</span> <span class='ocrx_word' id='word_1_328' title='bbox 1356 4456 1385 4490; x_wconf 79' lang='lat' dir='ltr'>ce</span> <span class='ocrx_word' id='word_1_329' title='bbox 1394 4457 1442 4506; x_wconf 85' lang='lat' dir='ltr'>que</span> <span class='ocrx_word' id='word_1_330' title='bbox 1493 4479 1497 4487; x_wconf 94' lang='lat'><em>.</em></span> 
     </span>
    </p>
   </div>
   <div class='ocr_carea' id='block_1_4' title="bbox 1319 4523 1358 4578">
    <p class='ocr_par' dir='ltr' id='par_1_9' title="bbox 1319 4523 1358 4578">
     <span class='ocr_line' id='line_1_36' title="bbox 1319 4523 1358 4578; baseline 0 0"><span class='ocrx_word' id='word_1_331' title='bbox 1319 4523 1358 4578; x_wconf 76' lang='lat'>20</span> 
     </span>
    </p>
   </div>
   <div class='ocr_carea' id='block_1_5' title="bbox 0 0 1861 5659">
    <p class='ocr_par' dir='ltr' id='par_1_10' title="bbox 0 0 1861 5659">
     <span class='ocr_line' id='line_1_37' title="bbox 0 0 1861 5659; baseline 0 0"><span class='ocrx_word' id='word_1_332' title='bbox 0 0 1861 5659; x_wconf 95' lang='lat' dir='ltr'> </span> 
     </span>
    </p>
   </div>
  </div>
 </body>
</html>
