3684 5659
453 579 498 646 62
785 584 820 641 Γ.
849 583 924 644 ΤΟΥ
950 581 1207 645 ΠΑΧΥΜΕΡΟΥΣ

449 714 505 798 6¹,
527 717 814 806 καταφρονήσαντας
834 717 887 786 τὴν
905 718 1023 808 ἀρχήν,
1045 719 1120 783 άπὸν
1140 718 1352 794 ἐκζητοῖνντας.
1381 721 1523 798 Ωςοιότως
1534 771 1544 807 ,

450 825 487 890 ἵν’
509 831 582 891 εῖπω
601 826 735 916 καὶπερὶ
755 825 887 911 ἐμαυτοῦ
897 873 908 921 ,
928 826 1039 903 ἐκεῖνός
1056 853 1107 915 μοι
1119 828 1251 894 καλλίων
1268 824 1367 895 ἐδόκει
1385 832 1438 895 καί
1457 827 1563 917 δοκι-δ

452 936 601 1027 μώτερος,
625 935 656 1012 ὃς
675 942 725 1020 ἄν,
748 937 882 1027 άρθεὶς’
870 946 903 1002 εκ
923 941 1166 1029 κατορθωμάτων
1190 938 1305 1030 μέγας,
1327 938 1426 1027 ἑαυτῷ
1443 943 1548 1034 χώραν

451 1055 549 1122 κακῆς
571 1045 704 1134 ὑποψίας
727 1072 771 1112 πα
772 1046 904 1139 ράσχοι’
927 1051 979 1114 καὶ
1007 1055 1060 1114 τοῦ
1082 1053 1256 1140 νεωτερίσαι
1283 1005 1507 1137 βοόλεσθαι,’
1493 1079 1512 1124 η
1532 1080 1548 1118 ο

451 1141 545 1244 μηδὲν
563 1155 646 1234 ἄξιον
663 1155 810 1249 πράξας
797 1162 921 1224 επαίνου
946 1156 1048 1246 μηδ’
1036 1163 1130 1249 επαρθ
1133 1162 1193 1239 είς,
1218 1157 1285 1224 εἶτα
1301 1157 1438 1248 μηδὲν’
1414 1186 1456 1237 εις
1471 1186 1548 1253 φρο-

452 1269 638 1355 νηματισμδν
655 1264 825 1355 μηδόλως
812 1272 1063 1357 υποπτευόμενος.

501 1382 571 1453 Πῶς
586 1381 684 1443 τοίνυν
704 1377 825 1465 ἔμελλον
847 1390 1013 1471 τυραννεῖν,
1033 1374 1057 1444 ὦ
1073 1388 1184 1444 καινῶν
1203 1378 1338 1445 ἐπινοιῶν
1354 1380 1476 1446 πλάττοι
1494 1383 1546 1445 καῖ

453 1492 647 1579 συκοφάντα,
666 1482 691 1575 ᾧ
708 1484 780 1576 μηδ’
799 1488 845 1554 ἐπὶ
861 1498 915 1565 τῆς
932 1493 1032 1566 οἰκίας
1047 1492 1128 1578 μόνῳ
1145 1486 1219 1578 μηδ’
1237 1490 1318 1584 ὤραν
1339 1489 1404 1568 ε’ξην
1424 1491 1547 1563 εἀθήναι

453 1607 506 1675 τῆς
520 1608 577 1664 τῶν
590 1600 707 1665 πολλῶν
724 1599 930 1688 ἐνοχλήσεως;
950 1597 1050 1676 Δεῖξον
1067 1599 1260 1678 ὑπασπιστὰς
1275 1601 1345 1679 τοὺς
1361 1601 1467 1690 ἐμούς,
1483 1627 1550 1667 πα-

454 1711 606 1839 ράστησον
619 1708 688 1787 τοὺς
707 1704 907 1803 δορυφόρους,
927 1709 995 1800 φέρε
1011 1708 1081 1785 τοὺς
1101 1715 1315 1786 κοινωνοῦντας
1332 1719 1391 1776 τῶν
1411 1713 1548 1802 ἀπορρή-

455 1844 512 1885 των
531 1820 618 1908 ἐμοί·
639 1823 691 1886 καὶ
713 1817 819 1897 δείξεις
841 1822 929 1903 τότε,
955 1846 989 1887 ου
976 1821 1114 1913 ’λόγους
1130 1823 1225 1914 λέγων
1246 1821 1348 1898 κενοὺς
1366 1818 1436 1887 οὐδὲ
1458 1823 1547 1897 σκιόις

455 1929 665 2062 ἐγκλημάτων,
683 1931 750 1997 ’λ
768 1938 908 2031 άντικρυς
923 1927 1040 2007 δεικνὺς
1056 1935 1239 2049 πράγματα.
1231 1936 1291 1997 ,Εἰ
1310 1928 1344 1997 δὲ
1360 1933 1550 2024 στρατιώτας

456 2041 557 2117 εὔνους
574 2041 708 2133 εὑρήσεις
725 2051 778 2119 τῆς
794 2043 908 2118 πόλεως
922 2046 974 2108 καί
994 2038 1038 2118 οἱς
1055 2069 1070 2107 ο
1060 2024 1213 2131 ‘66pog’
1200 2045 1246 2108 επὶ
1261 2051 1338 2109 πᾶσι
1352 2038 1551 2134 τεθάρρηκεν’

455 2151 497 2228 ὡς
524 2163 661 2240 πιστοῖς,
692 2154 815 2220 αὐτόθεν
843 2151 1053 2239 κατάθαλλε,
1083 2158 1123 2241 μη
1151 2153 1208 2220 πού
1236 2179 1265 2218 τι
1295 2162 1466 2245 κατηγορῇς
1499 2151 1551 2239 μὲν

457 2381 494 2413 το.
506 2362 607 2413 Inferius
618 2363 691 2414 etiam
701 2363 744 2424 Vi,
753 2365 781 2411 16
785 2380 827 2429 p.
839 2363 885 2412 507
900 2382 906 2412 τ
918 2362 991 2428 μηδὲν
1018 2365 1147 2418 Πλάτωνα,
1171 2361 1257 2416 δεικνὺς
1280 2359 1351 2409 αὒτὸν
1373 2360 1475 2409 ἐντεῦθεν
1500 2362 1552 2408 λίαν

457 2441 548 2491 ἂνεῖναι
565 2448 604 2492 καί
625 2438 690 2500 αὖθις
706 2448 738 2493 τδι
755 2445 835 2492 εἰκότα
853 2445 969 2508 πολυωρ
960 2452 990 2490 ιν
1018 2441 1165 2506 ψευδόμενον
1186 2437 1238 2487 Etsi
1253 2438 1356 2488 formula
1369 2447 1401 2486 stt
1416 2447 1551 2501 perpetua,

457 2534 513 2570 cum
524 2520 618 2571 scholio
627 2542 715 2593 φροντ
718 2531 789 2585 ζειν
800 2524 869 2587 ῖπιμε
871 2524 970 2571 λείοθαι.
1019 2539 1138 2586 παροιμια
1148 2519 1201 2576 iri
1216 2531 1281 2566 nunc
1294 2516 1398 2566 malim
1388 2535 1449 2574 απο
1465 2515 1497 2565 ob
1511 2531 1553 2566 se·

490 2597 596 2664 *Ellipsi
619 2599 727 2650 adverbii
750 2605 839 2665 μᾶλλον
859 2614 906 2666 qua
927 2612 993 2662 saepe
1019 2597 1119 2664 quentia
1141 2599 1257 2661 λεγομένη
1271 2601 1329 2663 πρὸς
1352 2591 1398 2651 οὓς.
1420 2593 1551 2650 Amemus,

459 2677 547 2738 utitur;
565 2694 589 2728 v.
608 2694 631 2728 c.
652 2679 782 2744 Progymn.
802 2693 824 2728 c.
845 2681 858 2727 8
869 2692 914 2742 p.
929 2677 991 2737 369,
1019 2692 1045 2740 p
1063 2677 1111 2724 85ι
1125 2675 1179 2724 αι’ντ.
1196 2678 1304 2725 κατά6...
1310 2673 1367 2724 επι
1380 2693 1427 2723 των
1440 2678 1554 2736 ηττωμί

458 2755 576 2804 θθικαλὸ
566 2763 589 2804 δν
607 2760 684 2824 ταύτῃ
701 2765 736 2819 μὴ
753 2760 889 2812 πολιοθῆναι
902 2751 954 2811 6
930 2773 991 2804 ουτω
1020 2773 1063 2801 νων
1080 2759 1120 2801 καί
1142 2756 1335 2801 κατπ6οιλλόντων
1354 2759 1385 2802 ’δι
1406 2753 1552 2820 ὀφειλόμενα.

457 2835 597 2888 πολισθηναι
622 2839 734 2903 πονήρως.
758 2832 819 2882 Vide
845 2831 924 2880 Waiz.
945 2830 991 2880 vir.
1018 2829 1087 2877 (loni.
1103 2826 1259 2876 Proverbium
1271 2828 1397 2876 Metrieum
1414 2831 1470 2893 190.
1486 2829 1554 2878 Lau-

456 2908 525 2959 doct.
539 2909 571 2958 ad
584 2926 609 2974 p.
622 2910 680 2961 563.
1019 2905 1101 2955 datum
1110 2905 1184 2954 modo
1196 2905 1309 2954 Aristidis
1317 2905 1398 2953 locum
1410 2905 1514 2954 contulit
1522 2907 1554 2955 ad

491 2986 817 3055 Ὠιιοδολῖπιῖιιπαροίοχῃ
831 2995 989 3035 mutaveram.
1011 2983 1161 3047 Synesium,
1176 2998 1202 3045 p.
1216 2984 1262 3031 411
1273 2981 1555 3046 ,NicephorusGrego-

457 3064 508 3115 Sed
519 3066 585 3116 malo
599 3067 737 3130 relinquere
749 3063 815 3130 quod
829 3064 907 3113 codex
919 3060 994 3111 exhi
1017 3075 1071 3120 ras,
1083 3059 1159 3110 verba
1172 3061 1282 3110 lnsomn
1296 3077 1324 3125 p.
1345 3061 1555 3123 111,ἅ1ιςεγκω-

457 3142 508 3193 bet.
518 3142 590 3193 Circa
599 3153 709 3208 syntaxm
717 3143 764 3192 ista
775 3153 845 3192 aetate
853 3140 924 3192 vaide
935 3149 992 3189 titu
1019 3149 1093 3203 μίαν,
1117 3144 1158 3188 καί
1176 3139 1358 3203 καταὸάλωμεν,
1380 3139 1554 3204 interpretatu-

456 3219 570 3270 babatur.
594 3219 757 3285 pachymeres
789 3220 850 3270 flist.
882 3218 992 3268 Andron.
1018 3234 1080 3266 rus:
1096 3224 1123 3267 τὸ
1143 3220 1338 3284 κατα6άλωμιν’
1328 3225 1379 3268 αντὶ
1395 3224 1437 3267 τοῦ
1460 3225 1555 3275 σιωπή-

456 3296 505 3358 vl,
522 3298 573 3346 16:
567 3305 620 3363 μή
631 3319 679 3356 πως
697 3301 795 3365 ἐπαίνροι
808 3305 848 3348 καί
863 3316 932 3354 αυτ-ος
944 3317 991 3347 των
1019 3316 1093 3375 οωμρν
1125 3300 1239 3356 ληιςτὲον,
1265 3301 1312 3348 ἀπὸ
1339 3304 1473 3365 μεταφορᾶς
1507 3307 1555 3347 τῶν

457 3376 500 3425 ἀπ’
530 3377 620 3426 ἐκείνων
645 3386 730 3426 κακῶν.
760 3375 859 3437 Codex,
885 3378 990 3451 ῖποιίνρη,
1018 3368 1211 3441 κατάτεθεμίνωί
1224 3377 1293 3447 όνπερ
1312 3379 1439 3438 ἰΰάσταζον
1459 3380 1553 3445 φόρτον.

457 3456 523 3520 quod
543 3455 671 3522 praeferam
690 3454 816 3505 acodies
825 3446 922 3514 datum,
936 3468 992 3505 eum
1018 3462 1076 3514 Φησὶ
1095 3457 1121 3506 δὲ
1143 3462 1183 3505 καί
1200 3452 1368 3525 Ἀρισείδης...
1389 3455 1500 3504 lterum:
1513 3461 1553 3503 καὶ

457 3534 651 3584 scholiotnmt
640 3536 728 3584 λοιόσει·
739 3535 890 3604 ἐπαπολαόεη
900 3533 991 3598 potius
1018 3540 1200 3602 κατα6άλωμεν·
1225 3539 1240 3594 6
1261 3540 1291 3592 ὡς
1307 3542 1347 3585 καὶ
1366 3539 1503 3596 καταθῶμεν
1522 3539 1554 3581 τὰ

491 3612 673 3669 ³Edttumiuit
690 3613 747 3662 olim
760 3607 906 3682 τεθαρρηκώς
921 3611 993 3676 lapsu
1018 3621 1119 3664 τοιαῦτα
1135 3617 1241 3679 ἐγκώμια
1253 3620 1292 3663 καλ
1305 3621 1467 3676 σιωπήσωμεν.
1478 3612 1525 3661 Pro
1540 3613 1554 3666 6

457 3690 554 3740 calami.
1019 3697 1064 3750 ὡς,
1084 3709 1138 3758 quae
1162 3692 1267 3742 formula
1287 3692 1375 3754 scepius
1393 3690 1417 3738 in
1441 3688 1555 3754 Gregorae

492 3766 589 3828 *Quam
611 3767 757 3829 formulam,
778 3768 835 3817 oiim
851 3783 865 3816 a
881 3782 921 3817 me
942 3783 992 3817 non
1021 3770 1124 3826 scholiis
1149 3780 1186 3818 est
1210 3769 1297 3830 obvia,
1317 3765 1486 3832 reponendum
1507 3768 1555 3815 erit

453 3845 622 3908 intellectam,
634 3846 733 3897 exhibet
746 3857 771 3895 et
782 3846 849 3896 Deci.
867 3847 908 3896 lx.
923 3847 992 3897 illam
1019 3855 1098 3912 ἤγουν,
1114 3864 1145 3897 ex
1158 3847 1294 3897 rationibus
1304 3860 1364 3910 quas
1375 3843 1427 3892 fuse
1437 3842 1555 3904 explicuit

457 3925 561 3990 sumpsit
576 3940 607 3974 ex
620 3925 727 3975 Aristide
744 3925 809 3976 Orat.
825 3927 873 3991 66,
888 3941 915 3991 p.
931 3928 991 3976 169:
1020 3925 1114 3975 Bastius
1132 3925 1242 3990 Epistola
1254 3923 1285 3974 ad
1299 3920 1452 3972 Bredowium
1476 3921 1555 3970 Leca·

458 4009 513 4073 περῖ
520 4010 563 4068 μὲν
576 4005 605 4062 66
619 4008 702 4064 λάλων,
717 4002 850 4064 διΠλοίτων,
863 4012 903 4054 καί
916 4006 993 4074 ἀργῶν
1021 4021 1099 4071 penus
1111 3996 1219 4055 Gramm.
1233 4020 1259 4070 p.
1278 4003 1308 4052 68
1320 4021 1327 4050 t
1345 4004 1435 4058 οἰνιήθιν
1447 4005 1461 4056 ἡ
1479 4011 1510 4063 ’ίῆ
1523 4007 1555 4052 τὰ

458 4088 499 4132 καί
513 4083 594 4134 δειλῶν
606 4082 701 4134 αὐτόθεν
716 4086 845 4133 κατάὸαλε.
861 4083 898 4133 lbi
913 4083 992 4134 schol.
1022 4091 1097 4156 φυτά,
1109 4087 1163 4135 ἀντὶ
1173 4089 1215 4135 τοῦ
1226 4083 1378 4142 ἀναδίδωσιν,
1388 4081 1556 4149 ἥωςρῖινα6λα-

458 4175 485 4225 p.
514 4162 581 4211 465:
604 4168 717 4214 πέπαυσο.
742 4168 863 4232 Παροιμία
883 4165 923 4213 ἐπὶ
947 4174 994 4214 τῶν
1021 4159 1553 4228 arsimulm06youi.LibaniuS‚t.l‚p.526:

457 4245 573 4290 νικώντων
582 4245 692 4305 λεγομένη
701 4248 758 4310 πρὸς
768 4239 805 4300 οὓς
812 4252 900 4292 νικῶσι·
910 4243 995 4299 δηλον-
1021 4246 1087 4301 πόλις
1100 4247 1191 4307 μεγάλη
1199 4248 1239 4292 καί
1253 4243 1357 4305 μεγάλην
1374 4246 1447 4308 ψῆφον
1457 4239 1553 4303 ἔχουσα.

458 4323 496 4368 ότι
519 4326 546 4369 τὸ
563 4326 690 4387 πρόςτιμον
709 4327 813 4374 κατάθου
830 4330 857 4373 τὸ
879 4330 934 4392 περὶ
953 4333 994 4380 τῆς
1021 4320 1107 4372 Glossa
1122 4321 1153 4372 ad
1165 4327 1238 4390 ψῆφον
1248 4321 1272 4371 in
1285 4319 1403 4370 006663
1418 4337 1424 4366 ι
1438 4324 1484 4375 ἤως
1497 4317 1554 4366 ἁπό-

458 4403 530 4454 νίκης.
551 4403 621 4461 Λέγει
645 4395 683 4449 οὖν
702 4407 773 4451 τοῦτο
793 4397 919 4470 ’λριοτίδης
937 4409 995 4468 πρὸς
1021 4419 1099 4470 φασιν.
1110 4401 1163 4451 lmo
1179 4408 1258 4464 ἤγουν.
1274 4398 1391 4450 Maximus
1402 4396 1473 4448 Cotti.
1485 4393 1556 4444 Deti-
