3684 5659
767 619 924 683 ΜΕΛΕΤΗ
949 612 994 683 Αί.
1380 621 1424 688 47

334 752 438 829 ἁπλῶς
456 754 508 818 καί
528 752 649 829 άληθῶς
665 757 808 840 ποιοῦμαι
825 753 894 830 τούς
910 755 1019 847 λόγους
1034 757 1107 848 πρὸς
1121 756 1156 821 σε’
1170 775 1178 791 ·
1199 757 1243 824 ότι
1263 755 1297 824 δέ
1312 784 1425 852 τυραν-

333 867 416 972 χήσει
441 866 560 939 πάντως
584 865 635 928 καί
663 863 678 927 ό
705 863 883 951 κεκτημένος
907 864 1005 950 όπλα,
1033 866 1067 931 ού
1096 870 1269 956 συντίθεμαι
1291 873 1423 937 πώποτε.

331 980 407 1041 Εστι
428 977 489 1067 γὰρ
507 977 559 1040 καί
578 975 672 1040 ἄλλον
690 977 780 1066 χάριν
798 975 876 1041 ὅπλα
894 982 1137 1069 παρασκευάζειν
1154 981 1204 1045 τὸν
1221 983 1425 1074 προαιρούμε-

331 1110 393 1151 νον.
413 1088 494 1170 Καί,
510 1089 534 1150 εί
548 1083 664 1171 βούλει,
681 1087 799 1169 σκόπει,
812 1089 864 1152 καί
877 1087 1059 1180 παράλληλα
1072 1087 1186 1165 τούτοις
1199 1093 1237 1155 τόι
1249 1091 1339 1158 λοιπόι
1352 1097 1422 1180 θοῦ,

331 1200 384 1263 καί
401 1199 453 1264 τὸν
469 1198 559 1291 λόγον
574 1195 709 1288 εὑρήσεις
726 1198 876 1269 ἀληθινόν.

383 1290 409 1374 ό
427 1309 600 1401 ἀλλοτρίαις
612 1305 772 1398 ἐπιχετριῖιν
786 1306 920 1399 γυναιξί,
941 1313 993 1374 καί
1019 1309 1100 1375 τοῦτ’
1121 1311 1195 1378 αὐτὸ
1219 1308 1272 1378 διόι
1292 1309 1427 1390 σπονδῆς

334 1422 413 1508 ἔχων
429 1445 493 1496 πως
511 1419 547 1484 άν
561 1419 601 1483 τά
613 1413 745 1483 παιδικὰ
756 1442 829 1510 προς
843 1418 948 1484 ἑαυτὸν
962 1419 1185 1506 ἐπισπάσηται,
1202 1425 1324 1499 εἰκότως
1338 1420 1426 1501 εἰδὼς

332 1532 366 1595 τὸ
385 1531 445 1595 άπὸ
470 1530 587 1622 φύσεως
607 1525 713 1620 δέλεαρ
738 1528 782 1595 ότι
805 1531 838 1594 τὸ
862 1530 973 1607 κάλλος
996 1530 1079 1614 ἐστί,
1106 1533 1147 1619 μη
1166 1535 1266 1622 τυχὼν
1286 1533 1423 1619 αὐτόθεν,

332 1641 506 1730 ἐπιπλάστῳ
523 1649 638 1733 χρᾶται
652 1642 704 1705 καί
724 1640 969 1717 καλλωπίζεται·
989 1640 1023 1706 ού
1041 1643 1098 1729 μην
1112 1638 1166 1707 διόι
1181 1648 1279 1708 ταῦτα
1296 1645 1347 1708 καί
1366 1653 1426 1720 πᾶς

332 1753 597 1840 καλλωπιζόμενος
611 1756 715 1840 ἔνοχος
725 1749 857 1817 ἐσεῖται1
874 1761 915 1839 τῷ
932 1761 985 1828 τῆς
999 1756 1139 1841 μοιχείας
1156 1753 1342 1845 ἐγκλήματι·
1362 1757 1425 1819 ἔστι

332 1865 392 1957 γάρ
412 1865 464 1929 καί
482 1863 576 1928 άλλου
594 1865 683 1956 χάριν
704 1861 794 1927 αὐτὸν
814 1862 1072 1940 καλλωπίζεσθαι.
1097 1864 1205 1930 Πολλοὶ
1224 1867 1283 1957 γὰρ
1301 1865 1428 1957 ριλόκα-
1473 1876 1476 1881 ’

331 1974 379 2039 λοι
397 1979 476 2050 ὄντες
491 1975 542 2038 καί
563 1981 604 2060 τῷ
627 1975 730 2060 άίσχει
748 1975 1004 2061 ἀπεχθανόμενοι,
1029 1970 1132 2044 ἐπειδὴ
1157 1973 1212 2038 οὐκ
1236 1978 1342 2064 ἔτυχον
1366 1976 1425 2041 άπὸ

331 2085 461 2177 τρύσεως,
481 2081 659 2177 ριλητικώς’
674 2083 921 2160 ἐπισκευάζουσιν
936 2084 1072 2169 ἑαυτούς,
1088 2087 1155 2169 καί,
1169 2086 1256 2151 καλοί
1272 2087 1313 2173 μὴ
1329 2092 1423 2171 ὄντες,

333 2193 458 2263 δοκοῦσι
471 2196 574 2280 καλοί,
590 2198 642 2261 καί
653 2197 687 2260 τό
699 2191 819 2280 δοκοῦν,
831 2197 889 2260 κάν
900 2196 1043 2272 ἀληθείας
1057 2193 1147 2285 άπξδ,
1162 2207 1295 2289 κρεῖττον
1309 2193 1422 2274 ἔδοξεν.

331 2305 419 2373 Ούτω
437 2310 489 2373 καί
511 2316 572 2383 τοῖς
594 2305 770 2395 νυκτιλόχος
792 2307 945 2372 πλανᾶται
965 2306 1098 2397 νύκτωρ,
1121 2309 1161 2383 ὡς
1180 2309 1221 2395 μὴ
1238 2317 1292 2383 τῆς
1311 2308 1425 2399 ἡμέρας

331 2426 373 2505 τῷ
396 2417 508 2508 κλέπτῃ
533 2412 678 2492 διδούσης
703 2412 856 2481 άδειανί·
881 2416 915 2481 ού
940 2418 997 2504 μην
1019 2412 1053 2480 δὲ
1077 2419 1130 2481 καί
1152 2425 1212 2490 πάς
1234 2416 1425 2502 πλανώμενος

331 2527 445 2619 νύκτωρ
458 2528 587 2603 κλέπτης
600 2527 698 2592 ἐστίν·
716 2528 850 2618 ἔστιγὰρ
862 2529 913 2592 καί
925 2525 985 2602 “dm
997 2523 1075 2602 ξένον
1089 2525 1264 2590 πλανᾶσθαί
1276 2548 1358 2608 τινα,
1371 2528 1423 2592 καί

332 2631 419 2714 αὖθις
436 2648 489 2714 τῆς
513 2634 584 2702 ὁδοῦ
605 2639 794 2730 ἁμαρτόντα,
815 2641 896 2702 κατά
911 2661 979 2703 τινα
995 2635 1091 2725 τύχης
1109 2630 1298 2727 δυςχέρειαν.

380 2747 422 2812 Σίν
440 2745 470 2812 δ’
486 2747 588 2836 όμοιον-
601 2758 716 2834 ποιεῖς,
733 2748 828 2840 ὥςπερ
847 2750 883 2815 άν
901 2749 977 2814 εἰτὸ
1003 2747 1069 2836 μέλι
1088 2744 1193 2823 ξανθὸν
1210 2750 1302 2839 ἐγνως
1319 2749 1372 2812 καὶ
1390 2749 1425 2814 τό

331 2857 438 2936 ξανθὸν
454 2860 535 2925 άπαν
551 2859 618 2946 με’λι
637 2855 713 2926 εἶναι
731 2855 943 2953 διισχυρίζου,
962 2867 1066 2934 κακῶς
1085 2854 1190 2942 εἰδώς,
1210 2860 1262 2923 καὶ
1285 2860 1350 2950 περί
1372 2859 1425 2929 τὴν

329 2978 388 3035 τῶν
414 2973 602 3062 πραγμάτων
627 2972 809 3060 ἁμαρτάνων
833 2967 993 3061 διαίρεσιν.
1024 2972 1059 3034 Τί
1085 2972 1183 3035 τοίνυν
1207 2967 1426 3062 οίντιστρέρεις6

330 3089 433 3157 κακῶς
449 3080 520 3174 ὅπερ
538 3081 592 3146 οὐκ
606 3077 686 3146 οἶδεν
701 3084 910 3174 άντιστροριόν,
923 3084 990 3168 καί,
1008 3081 1052 3147 ὅτι
1071 3080 1212 3172 τύραννος
1230 3089 1344 3174 χρᾶται
1360 3091 1423 3157 τοῖς

330 3191 451 3278 ὅπλοις,
471 3193 540 3280 ε’μὲ,
560 3194 610 3258 τόν
628 3191 729 3269 ὅπλοις
753 3195 925 3287 χρώμενον,
946 3202 1097 3285 τυραννεῖν
1117 3189 1281 3277 βούλεσθαι
1304 3189 1420 3276 ἀξιοῖς,

329 3306 380 3369 καί
400 3305 452 3376 τὴν
472 3304 543 3392 ἐμὴν
562 3305 732 3396 φιλοτιμίαν
750 3305 903 3395 φαυλίζεις
926 3300 1060 3384 ἀδίκως,
1080 3305 1131 3368 καί
1157 3301 1260 3393 ψέγεις
1277 3305 1310 3367 τό
1330 3302 1422 3368 ἐπαί-

329 3439 387 3480 νων
402 3416 518 3483 πολλῶν
535 3417 620 3507 παρόι
634 3425 697 3492 τοῖς
714 3416 871 3508 ε’χέιρροσιν
885 3412 988 3492 άξιον;

378 3507 463 3592 Ᾰλλόι
482 3527 556 3618 πρὸς
580 3525 633 3614 μὲν
655 3533 759 3591 τοῦτον
781 3527 850 3603 άλις
871 3535 930 3591 τῶν
952 3527 1068 3616 λόγων,
1087 3518 1189 3597 άπαξ7
1206 3521 1346 3609 ἐχόμενον
1365 3530 1424 3587 τῶν

331 3637 442 3724 αὐτῶν,
469 3639 520 3703 καί
547 3634 627 3724 οὐδ’,
649 3639 686 3703 άν
702 3638 794 3704 πλείω
813 3638 916 3730 ρήσειέ
932 3663 997 3722 τις,
1018 3634 1280 3723 μεταπεισόμενον.
1306 3635 1342 3697 Τί
1363 3635 1423 3726 γάρ

363 3887 429 3937 ¹1na
442 3887 515 3939 futuri
532 3886 610 3936 forma
624 3888 727 3944 ἐσιῖται,
744 3901 797 3952 quae
812 3884 862 3934 Pe·
922 3881 1031 3931 ‘Paulus
1042 3879 1121 3945 Epist.
1135 3881 1150 3926 θ
1162 3878 1194 3928 ad
1204 3878 1291 3929 Thess.
1304 3881 1335 3940 5,
1348 3881 1363 3927 θ
1375 3900 1381 3929 :
1394 3884 1424 3936 ὡς

329 3966 411 4016 ricleae
420 3965 524 4016 orationi
539 3980 588 4014 non
598 3966 729 4021 convenit,
744 3972 824 4012 utetur
838 3973 862 4012 et
888 3964 987 4018 κλέπτης
999 3962 1021 4009 ἐι
1035 3966 1110 4009 νυκτί.
1125 3957 1177 4006 Alia
1186 3973 1226 4022 ap.
1240 3957 1341 4022 Duport.
1354 3957 1423 4006 Gno-

329 4044 391 4093 infra
403 4044 500 4110 sapius.
514 4042 611 4092 Videsis
623 4058 649 4091 n.
665 4041 696 4091 ad
711 4040 806 4089 Anecd.
819 4039 861 4088 Gr.
889 4039 947 4087 mol.
958 4038 989 4087 ad
999 4039 1030 4087 11.
1043 4041 1073 4094 3.
1089 4041 1110 4085 1.

330 4133 349 4172 ι.
363 4123 402 4183 11,
416 4110 443 4188 p.
458 4122 520 4181 ιιι,
536 4133 555 4171 t.
567 4119 598 4180 v,
612 4138 639 4187 p.
653 4122 711 4170 331.
722 4118 862 4167 πωιιιωω
923 4114 1145 4165 νηιιιιεηιοιιω
1159 4120 1208 4163 και.

329 4202 418 4268 Opusc.
441 4218 467 4266 p.
490 4202 552 4261 193,
567 4203 599 4250 65
619 4221 626 4250 ι
643 4197 714 4257 οὕτως
728 4201 815 4248 ἐσεῖται
835 4205 863 4248 τὸ
923 4192 1007 4254 ⁶Quid
1031 4193 1062 4240 sit
1089 4194 1248 4258 ἀντιστρόφων
1272 4190 1373 4253 exposui
1396 4190 1421 4240 in

328 4284 398 4332 καλὸν
410 4287 480 4331 τοῦτο
495 4284 670 4348 παραμόνιμον.
890 4271 984 4322 Anecd.
997 4270 1040 4320 Gr.
1054 4279 1072 4318 t.
1084 4268 1115 4328 V,
1126 4285 1153 4332 p.
1165 4270 1223 4317 369.

362 4356 859 4429 Ὀρθ,ρυλιτικῶς,εῑεοοιιεοιίοπεριλ.
925 4351 998 4400 'Non
1014 4347 1156 4398 tentandum
1175 4347 1270 4398 videtur
1289 4350 1362 4408 ἅπαξ.
1383 4349 1421 4401 cf.

362 4437 498 4488 ³Fortasse
508 4440 605 4495 ἀλήθεια
620 4439 678 4506 ἀπῇ.
890 4450 917 4498 p.
933 4433 1019 4493 13‚7;
1035 4431 1077 4488 Ἡ,
1095 4431 1124 4489 7,
1138 4429 1170 4476 29
1182 4428 1199 4478 f.
