<?xml version="1.0" encoding="UTF-8"?>
<!DOCTYPE html PUBLIC "-//W3C//DTD XHTML 1.0 Transitional//EN"
    "http://www.w3.org/TR/xhtml1/DTD/xhtml1-transitional.dtd">
<html xmlns="http://www.w3.org/1999/xhtml" xml:lang="en" lang="en">
 <head>
  <title>
</title>
<meta http-equiv="Content-Type" content="text/html;charset=utf-8" />
  <meta name='ocr-system' content='tesseract 3.04.00' />
  <meta name='ocr-capabilities' content='ocr_page ocr_carea ocr_par ocr_line ocrx_word'/>
</head>
<body>
  <div class='ocr_page' id='page_1' title='image "./gpachymerisdecl00hiergoog_0245.png"; bbox 0 0 3684 5659; ppageno 0'>
   <div class='ocr_carea' id='block_1_1' title="bbox 371 629 1468 1086">
    <p class='ocr_par' dir='ltr' id='par_1_1' title="bbox 371 629 1468 1086">
     <span class='ocr_line' id='line_1_1' title="bbox 799 629 1467 702; baseline 0 0"><span class='ocrx_word' id='word_1_1' title='bbox 799 640 954 702; x_wconf 74' lang='grc' dir='ltr'>ιινιπτιι</span> <span class='ocrx_word' id='word_1_2' title='bbox 980 629 1038 702; x_wconf 72' lang='grc' dir='ltr'>ιν.</span> <span class='ocrx_word' id='word_1_3' title='bbox 1396 634 1467 702; x_wconf 77' lang='grc' dir='ltr'>νιν</span> 
     </span>
     <span class='ocr_line' id='line_1_2' title="bbox 371 772 1468 867; baseline -0.003 -26"><span class='ocrx_word' id='word_1_4' title='bbox 371 776 557 867; x_wconf 89' lang='grc' dir='ltr'>λογίσασθε,</span> <span class='ocrx_word' id='word_1_5' title='bbox 585 772 674 851; x_wconf 82' lang='grc' dir='ltr'>ἀξιῶ.</span> <span class='ocrx_word' id='word_1_6' title='bbox 699 777 807 867; x_wconf 85' lang='grc' dir='ltr'>Πικρὸυ</span> <span class='ocrx_word' id='word_1_7' title='bbox 833 773 932 840; x_wconf 75' lang='grc' dir='ltr'>ἐδόκει</span> <span class='ocrx_word' id='word_1_8' title='bbox 956 800 1006 863; x_wconf 92' lang='grc' dir='ltr'>μοι</span> <span class='ocrx_word' id='word_1_9' title='bbox 1028 777 1061 840; x_wconf 85' lang='grc' dir='ltr'>τὸ</span> <span class='ocrx_word' id='word_1_10' title='bbox 1086 774 1273 866; x_wconf 87' lang='grc' dir='ltr'>ἐγχείρημα,</span> <span class='ocrx_word' id='word_1_11' title='bbox 1298 775 1421 866; x_wconf 82' lang='grc' dir='ltr'>πικρόν·</span> <span class='ocrx_word' id='word_1_12' title='bbox 1448 777 1468 845; x_wconf 88' lang='lat'>5</span> 
     </span>
     <span class='ocr_line' id='line_1_3' title="bbox 372 881 1465 978; baseline -0.003 -25"><span class='ocrx_word' id='word_1_13' title='bbox 372 891 479 978; x_wconf 76' lang='grc' dir='ltr'>ἔφορος</span> <span class='ocrx_word' id='word_1_14' title='bbox 507 881 571 951; x_wconf 79' lang='grc' dir='ltr'>οἶδε</span> <span class='ocrx_word' id='word_1_15' title='bbox 600 888 675 958; x_wconf 83' lang='grc' dir='ltr'>Δίκη</span> <span class='ocrx_word' id='word_1_16' title='bbox 703 888 756 950; x_wconf 82' lang='grc' dir='ltr'>καί</span> <span class='ocrx_word' id='word_1_17' title='bbox 785 887 799 951; x_wconf 99' lang='lat'>5</span> <span class='ocrx_word' id='word_1_18' title='bbox 829 895 887 951; x_wconf 84' lang='grc' dir='ltr'>τῶν</span> <span class='ocrx_word' id='word_1_19' title='bbox 915 886 1065 978; x_wconf 79' lang='grc' dir='ltr'><em>ἡμετέρων</em></span> <span class='ocrx_word' id='word_1_20' title='bbox 1095 888 1281 978; x_wconf 75' lang='grc' dir='ltr'><strong><em>πραγμάτων</em></strong></span> <span class='ocrx_word' id='word_1_21' title='bbox 1310 884 1465 977; x_wconf 80' lang='grc' dir='ltr'><strong>πρύτανις.</strong></span> 
     </span>
     <span class='ocr_line' id='line_1_4' title="bbox 373 979 1259 1086; baseline -0.005 -23"><span class='ocrx_word' id='word_1_22' title='bbox 373 979 447 1063; x_wconf 78' lang='grc' dir='ltr'>Ᾰλλ’</span> <span class='ocrx_word' id='word_1_23' title='bbox 459 997 643 1086; x_wconf 35' lang='grc' dir='ltr'>,ἀναγκαίως</span> <span class='ocrx_word' id='word_1_24' title='bbox 659 992 741 1084; x_wconf 87' lang='grc' dir='ltr'>είχον</span> <span class='ocrx_word' id='word_1_25' title='bbox 758 993 894 1062; x_wconf 78' lang='grc' dir='ltr'>ἐκποδὼν</span> <span class='ocrx_word' id='word_1_26' title='bbox 909 1000 1062 1062; x_wconf 87' lang='grc' dir='ltr'>ποιεῖσθαι</span> <span class='ocrx_word' id='word_1_27' title='bbox 1081 996 1114 1060; x_wconf 84' lang='grc' dir='ltr'>τὸ</span> <span class='ocrx_word' id='word_1_28' title='bbox 1133 993 1259 1084; x_wconf 82' lang='grc' dir='ltr'>αἶσχος.</span> 
     </span>
    </p>
   </div>
   <div class='ocr_carea' id='block_1_2' title="bbox 422 1086 1467 1195">
    <p class='ocr_par' dir='ltr' id='par_1_2' title="bbox 422 1086 1467 1195">
     <span class='ocr_line' id='line_1_5' title="bbox 422 1086 1467 1195; baseline 0 -25"><span class='ocrx_word' id='word_1_29' title='bbox 422 1103 501 1172; x_wconf 74' lang='grc' dir='ltr'>Ιίαί1</span> <span class='ocrx_word' id='word_1_30' title='bbox 512 1109 537 1170; x_wconf 92' lang='grc' dir='ltr'>εί</span> <span class='ocrx_word' id='word_1_31' title='bbox 548 1103 601 1192; x_wconf 84' lang='grc' dir='ltr'>μὲν</span> <span class='ocrx_word' id='word_1_32' title='bbox 611 1103 754 1190; x_wconf 85' lang='grc' dir='ltr'>βούλεταί</span> <span class='ocrx_word' id='word_1_33' title='bbox 763 1130 808 1182; x_wconf 89' lang='grc' dir='ltr'>τις</span> <span class='ocrx_word' id='word_1_34' title='bbox 817 1104 925 1195; x_wconf 87' lang='grc' dir='ltr'>λέγειν·</span> <span class='ocrx_word' id='word_1_35' title='bbox 940 1086 1051 1169; x_wconf 65' lang='grc' dir='ltr'>«Ε’στω</span> <span class='ocrx_word' id='word_1_36' title='bbox 1060 1106 1189 1169; x_wconf 76' lang='grc' dir='ltr'>τοῦτοτί</span> <span class='ocrx_word' id='word_1_37' title='bbox 1203 1108 1287 1195; x_wconf 86' lang='grc' dir='ltr'>ἔργον</span> <span class='ocrx_word' id='word_1_38' title='bbox 1301 1100 1371 1176; x_wconf 76' lang='grc' dir='ltr'>δίκη</span> <span class='ocrx_word' id='word_1_39' title='bbox 1385 1107 1467 1170; x_wconf 82' lang='grc' dir='ltr'>κατὰ</span> 
     </span>
    </p>
   </div>
   <div class='ocr_carea' id='block_1_3' title="bbox 328 1209 1469 4179">
    <p class='ocr_par' dir='ltr' id='par_1_3' title="bbox 373 1209 1465 1349">
     <span class='ocr_line' id='line_1_6' title="bbox 373 1209 1465 1349; baseline -0.006 -69"><span class='ocrx_word' id='word_1_40' title='bbox 373 1240 426 1282; x_wconf 92' lang='grc' dir='ltr'>του</span> <span class='ocrx_word' id='word_1_41' title='bbox 410 1210 552 1290; x_wconf 80' lang='grc' dir='ltr'>παιδὸς</span> <span class='ocrx_word' id='word_1_42' title='bbox 565 1240 618 1281; x_wconf 90' lang='grc' dir='ltr'>και</span> <span class='ocrx_word' id='word_1_43' title='bbox 609 1214 701 1280; x_wconf 91' lang='grc' dir='ltr'>λίαν</span> <span class='ocrx_word' id='word_1_44' title='bbox 713 1217 923 1308; x_wconf 80' lang='grc' dir='ltr'>προςηκουσα·</span> <span class='ocrx_word' id='word_1_45' title='bbox 946 1209 991 1290; x_wconf 85' lang='grc' dir='ltr'>οἷς</span> <span class='ocrx_word' id='word_1_46' title='bbox 1007 1216 1067 1307; x_wconf 81' lang='grc' dir='ltr'>γὰρ</span> <span class='ocrx_word' id='word_1_47' title='bbox 1083 1216 1266 1349; x_wconf 76' lang='grc' dir='ltr'>ἡμάρτανεν,</span> <span class='ocrx_word' id='word_1_48' title='bbox 1286 1216 1419 1302; x_wconf 80' lang='grc' dir='ltr'>ἔπασχεν</span> <span class='ocrx_word' id='word_1_49' title='bbox 1429 1235 1465 1272; x_wconf 80' lang='grc' dir='ltr'>ιι·</span> 
     </span>
    </p>

    <p class='ocr_par' dir='ltr' id='par_1_4' title="bbox 373 1321 1469 2299">
     <span class='ocr_line' id='line_1_7' title="bbox 373 1321 1466 1458; baseline 0 -68"><span class='ocrx_word' id='word_1_50' title='bbox 373 1329 401 1390; x_wconf 86' lang='grc' dir='ltr'>εί</span> <span class='ocrx_word' id='word_1_51' title='bbox 423 1321 457 1389; x_wconf 82' lang='grc' dir='ltr'>δὲ</span> <span class='ocrx_word' id='word_1_52' title='bbox 480 1322 643 1409; x_wconf 84' lang='grc' dir='ltr'>βούλεται,</span> <span class='ocrx_word' id='word_1_53' title='bbox 667 1327 744 1388; x_wconf 79' lang='grc' dir='ltr'>ἔστω</span> <span class='ocrx_word' id='word_1_54' title='bbox 763 1326 815 1389; x_wconf 85' lang='grc' dir='ltr'>καί</span> <span class='ocrx_word' id='word_1_55' title='bbox 839 1322 910 1437; x_wconf 82' lang='grc' dir='ltr'>ὑπὲρ</span> <span class='ocrx_word' id='word_1_56' title='bbox 934 1324 1046 1391; x_wconf 86' lang='grc' dir='ltr'>ἐκείνου</span> <span class='ocrx_word' id='word_1_57' title='bbox 1069 1327 1120 1389; x_wconf 83' lang='grc' dir='ltr'>καί</span> <span class='ocrx_word' id='word_1_58' title='bbox 1146 1322 1219 1458; x_wconf 83' lang='grc' dir='ltr'>ὑπὲρ</span> <span class='ocrx_word' id='word_1_59' title='bbox 1242 1323 1391 1410; x_wconf 81' lang='grc' dir='ltr'>ἐμαυτοῦ,</span> <span class='ocrx_word' id='word_1_60' title='bbox 1414 1328 1466 1390; x_wconf 83' lang='grc' dir='ltr'>καί</span> 
     </span>
     <span class='ocr_line' id='line_1_8' title="bbox 373 1417 1467 1526; baseline -0.003 -25"><span class='ocrx_word' id='word_1_61' title='bbox 373 1433 447 1526; x_wconf 79' lang='grc' dir='ltr'>ὑπὲρ</span> <span class='ocrx_word' id='word_1_62' title='bbox 463 1435 575 1510; x_wconf 84' lang='grc' dir='ltr'>παντὸς</span> <span class='ocrx_word' id='word_1_63' title='bbox 591 1439 644 1499; x_wconf 89' lang='grc' dir='ltr'>τοῦ</span> <span class='ocrx_word' id='word_1_64' title='bbox 658 1433 762 1524; x_wconf 79' lang='grc' dir='ltr'>γένους</span> <span class='ocrx_word' id='word_1_65' title='bbox 779 1458 849 1522; x_wconf 90' lang='grc' dir='ltr'>μου.</span> <span class='ocrx_word' id='word_1_66' title='bbox 866 1417 971 1526; x_wconf 84' lang='grc' dir='ltr'>Υπὲρ</span> <span class='ocrx_word' id='word_1_67' title='bbox 958 1434 1087 1500; x_wconf 73' lang='grc' dir='ltr'>εκείνου’</span> <span class='ocrx_word' id='word_1_68' title='bbox 1100 1434 1166 1521; x_wconf 87' lang='grc' dir='ltr'>μέν,</span> <span class='ocrx_word' id='word_1_69' title='bbox 1182 1429 1227 1509; x_wconf 84' lang='grc' dir='ltr'>οἷς</span> <span class='ocrx_word' id='word_1_70' title='bbox 1241 1430 1303 1499; x_wconf 67' lang='grc' dir='ltr'>ὅτι8</span> <span class='ocrx_word' id='word_1_71' title='bbox 1315 1434 1467 1499; x_wconf 88' lang='grc' dir='ltr'>πέπαυται</span> 
     </span>
     <span class='ocr_line' id='line_1_9' title="bbox 374 1540 1468 1636; baseline 0 -28"><span class='ocrx_word' id='word_1_72' title='bbox 374 1541 519 1630; x_wconf 82' lang='grc' dir='ltr'>βιοτεύων</span> <span class='ocrx_word' id='word_1_73' title='bbox 537 1547 692 1634; x_wconf 83' lang='grc' dir='ltr'>αἰσχρῶς·</span> <span class='ocrx_word' id='word_1_74' title='bbox 714 1542 787 1636; x_wconf 82' lang='grc' dir='ltr'>ὑπὲρ</span> <span class='ocrx_word' id='word_1_75' title='bbox 807 1544 938 1632; x_wconf 82' lang='grc' dir='ltr'>ἐμαυτοῦ</span> <span class='ocrx_word' id='word_1_76' title='bbox 958 1540 1056 1628; x_wconf 80' lang='grc' dir='ltr'>ιλέ,</span> <span class='ocrx_word' id='word_1_77' title='bbox 1039 1569 1084 1609; x_wconf 92' lang='grc' dir='ltr'>οτι</span> <span class='ocrx_word' id='word_1_78' title='bbox 1108 1545 1283 1636; x_wconf 81' lang='grc' dir='ltr'>μεγάλην’</span> <span class='ocrx_word' id='word_1_79' title='bbox 1265 1542 1317 1609; x_wconf 88' lang='grc' dir='ltr'>απ’</span> <span class='ocrx_word' id='word_1_80' title='bbox 1337 1543 1468 1630; x_wconf 84' lang='grc' dir='ltr'>ἐμαυτοῦ</span> 
     </span>
     <span class='ocr_line' id='line_1_10' title="bbox 373 1651 1469 1746; baseline -0.002 -26"><span class='ocrx_word' id='word_1_81' title='bbox 373 1653 537 1726; x_wconf 78' lang='grc' dir='ltr'>λύπηνκαὶ</span> <span class='ocrx_word' id='word_1_82' title='bbox 555 1655 681 1742; x_wconf 80' lang='grc' dir='ltr'>ἀτιμίαν</span> <span class='ocrx_word' id='word_1_83' title='bbox 697 1656 749 1720; x_wconf 86' lang='grc' dir='ltr'>καί</span> <span class='ocrx_word' id='word_1_84' title='bbox 769 1651 912 1746; x_wconf 78' lang='grc' dir='ltr'>φροντίδα</span> <span class='ocrx_word' id='word_1_85' title='bbox 930 1656 982 1718; x_wconf 84' lang='grc' dir='ltr'>καί</span> <span class='ocrx_word' id='word_1_86' title='bbox 1002 1653 1092 1741; x_wconf 85' lang='grc' dir='ltr'>ὅχλον</span> <span class='ocrx_word' id='word_1_87' title='bbox 1111 1657 1163 1719; x_wconf 85' lang='grc' dir='ltr'>καί</span> <span class='ocrx_word' id='word_1_88' title='bbox 1182 1656 1283 1719; x_wconf 81' lang='grc' dir='ltr'>πάντα</span> <span class='ocrx_word' id='word_1_89' title='bbox 1301 1659 1399 1719; x_wconf 90' lang='grc' dir='ltr'>ταῦτα</span> <span class='ocrx_word' id='word_1_90' title='bbox 1415 1679 1469 1719; x_wconf 90' lang='grc' dir='ltr'>πε·</span> 
     </span>
     <span class='ocr_line' id='line_1_11' title="bbox 373 1757 1467 1857; baseline -0.001 -27"><span class='ocrx_word' id='word_1_91' title='bbox 373 1767 506 1836; x_wconf 82' lang='grc' dir='ltr'>ποίηκοι’</span> <span class='ocrx_word' id='word_1_92' title='bbox 529 1773 572 1851; x_wconf 87' lang='grc' dir='ltr'>τῷ</span> <span class='ocrx_word' id='word_1_93' title='bbox 590 1760 620 1829; x_wconf 88' lang='lat'>5&#39;</span> <span class='ocrx_word' id='word_1_94' title='bbox 637 1757 676 1830; x_wconf 86' lang='grc' dir='ltr'>αῦ</span> <span class='ocrx_word' id='word_1_95' title='bbox 694 1764 771 1856; x_wconf 86' lang='grc' dir='ltr'>γένει</span> <span class='ocrx_word' id='word_1_96' title='bbox 789 1790 846 1852; x_wconf 89' lang='grc' dir='ltr'>μου</span> <span class='ocrx_word' id='word_1_97' title='bbox 866 1767 1038 1857; x_wconf 84' lang='grc' dir='ltr'>ἀκραιφνῶς</span> <span class='ocrx_word' id='word_1_98' title='bbox 1055 1763 1187 1857; x_wconf 81' lang='grc' dir='ltr'>ἐτήρησα</span> <span class='ocrx_word' id='word_1_99' title='bbox 1203 1765 1255 1834; x_wconf 81' lang='grc' dir='ltr'>τὴν</span> <span class='ocrx_word' id='word_1_100' title='bbox 1273 1768 1373 1853; x_wconf 86' lang='grc' dir='ltr'>τιμήν,</span> <span class='ocrx_word' id='word_1_101' title='bbox 1394 1768 1467 1847; x_wconf 93' lang='grc' dir='ltr'>καί,</span> 
     </span>
     <span class='ocr_line' id='line_1_12' title="bbox 373 1873 1468 1969; baseline -0.001 -27"><span class='ocrx_word' id='word_1_102' title='bbox 373 1875 471 1968; x_wconf 79' lang='grc' dir='ltr'>ὥςπερ</span> <span class='ocrx_word' id='word_1_103' title='bbox 501 1876 516 1940; x_wconf 90' lang='lat'>5</span> <span class='ocrx_word' id='word_1_104' title='bbox 547 1874 731 1963; x_wconf 82' lang='grc' dir='ltr'>ἐνοχλοῦσαν</span> <span class='ocrx_word' id='word_1_105' title='bbox 760 1876 911 1967; x_wconf 81' lang='grc' dir='ltr'>ὀφθαλμὸν</span> <span class='ocrx_word' id='word_1_106' title='bbox 934 1877 1036 1969; x_wconf 85' lang='grc' dir='ltr'>’τρίχα</span> <span class='ocrx_word' id='word_1_107' title='bbox 1065 1873 1229 1959; x_wconf 81' lang='grc' dir='ltr'>ῦπεξελών,</span> <span class='ocrx_word' id='word_1_108' title='bbox 1252 1875 1406 1967; x_wconf 83' lang='grc' dir='ltr'>γαληνιᾷν</span> <span class='ocrx_word' id='word_1_109' title='bbox 1434 1877 1468 1941; x_wconf 84' lang='grc' dir='ltr'>τὸ</span> 
     </span>
     <span class='ocr_line' id='line_1_13' title="bbox 374 1983 1468 2078; baseline -0.001 -26"><span class='ocrx_word' id='word_1_110' title='bbox 374 1986 498 2052; x_wconf 84' lang='grc' dir='ltr'>ἐπτικὸν</span> <span class='ocrx_word' id='word_1_111' title='bbox 520 1985 703 2057; x_wconf 87' lang='grc' dir='ltr'>ἐποίησεν’</span> <span class='ocrx_word' id='word_1_112' title='bbox 678 2011 721 2062; x_wconf 89' lang='grc' dir='ltr'>εις</span> <span class='ocrx_word' id='word_1_113' title='bbox 744 1987 778 2051; x_wconf 84' lang='grc' dir='ltr'>τὸ</span> <span class='ocrx_word' id='word_1_114' title='bbox 805 1983 943 2071; x_wconf 81' lang='grc' dir='ltr'>βλέπειν,</span> <span class='ocrx_word' id='word_1_115' title='bbox 970 1984 1046 2051; x_wconf 88' lang='grc' dir='ltr'>οῦτω</span> <span class='ocrx_word' id='word_1_116' title='bbox 1074 1988 1177 2078; x_wconf 80' lang='grc' dir='ltr'>κάγώ,</span> <span class='ocrx_word' id='word_1_117' title='bbox 1204 1987 1238 2051; x_wconf 85' lang='grc' dir='ltr'>τὸ</span> <span class='ocrx_word' id='word_1_118' title='bbox 1263 1986 1452 2074; x_wconf 85' lang='grc' dir='ltr'>ένοχλοῦν’</span> <span class='ocrx_word' id='word_1_119' title='bbox 1427 2012 1468 2062; x_wconf 88' lang='grc' dir='ltr'>εις</span> 
     </span>
     <span class='ocr_line' id='line_1_14' title="bbox 374 2093 1468 2187; baseline 0.001 -26"><span class='ocrx_word' id='word_1_120' title='bbox 374 2098 500 2185; x_wconf 90' lang='grc' dir='ltr'>ατιμίαν</span> <span class='ocrx_word' id='word_1_121' title='bbox 526 2095 629 2172; x_wconf 74' lang='grc' dir='ltr'>αὐτοῖς</span> <span class='ocrx_word' id='word_1_122' title='bbox 653 2093 789 2161; x_wconf 75' lang='grc' dir='ltr'>ἐκποδὼν</span> <span class='ocrx_word' id='word_1_123' title='bbox 812 2100 1085 2184; x_wconf 77' lang='grc' dir='ltr'>ποιησάμενος,α</span> <span class='ocrx_word' id='word_1_124' title='bbox 1064 2096 1212 2187; x_wconf 77' lang='grc' dir='ltr'>ἀθόρυέον</span> <span class='ocrx_word' id='word_1_125' title='bbox 1236 2097 1411 2168; x_wconf 87' lang='grc' dir='ltr'>κατέστησα</span> <span class='ocrx_word' id='word_1_126' title='bbox 1435 2099 1468 2162; x_wconf 85' lang='grc' dir='ltr'>τὸ</span> 
     </span>
     <span class='ocr_line' id='line_1_15' title="bbox 374 2203 1469 2299; baseline 0 -27"><span class='ocrx_word' id='word_1_127' title='bbox 374 2204 593 2294; x_wconf 81' lang='grc' dir='ltr'>βιώσιμον.Τί</span> <span class='ocrx_word' id='word_1_128' title='bbox 608 2207 706 2271; x_wconf 91' lang='grc' dir='ltr'>τοίνυν</span> <span class='ocrx_word' id='word_1_129' title='bbox 722 2203 920 2291; x_wconf 77' lang='grc' dir='ltr'>ήδίκησα,’</span> <span class='ocrx_word' id='word_1_130' title='bbox 896 2233 921 2272; x_wconf 92' lang='grc' dir='ltr'>ει</span> <span class='ocrx_word' id='word_1_131' title='bbox 943 2218 1011 2284; x_wconf 85' lang='grc' dir='ltr'>ταῖς</span> <span class='ocrx_word' id='word_1_132' title='bbox 1034 2207 1165 2295; x_wconf 89' lang='grc' dir='ltr'>ἐμαυτοῦ</span> <span class='ocrx_word' id='word_1_133' title='bbox 1183 2217 1350 2299; x_wconf 80' lang='grc' dir='ltr'>συμφοραῖς</span> <span class='ocrx_word' id='word_1_134' title='bbox 1369 2204 1469 2284; x_wconf 79' lang='grc' dir='ltr'>έξεθί</span> 
     </span>
    </p>

    <p class='ocr_par' dir='ltr' id='par_1_5' title="bbox 328 2312 1469 3296">
     <span class='ocr_line' id='line_1_16' title="bbox 372 2312 1467 2408; baseline 0 -25"><span class='ocrx_word' id='word_1_135' title='bbox 372 2340 457 2388; x_wconf 82' lang='grc' dir='ltr'>κησα</span> <span class='ocrx_word' id='word_1_136' title='bbox 481 2314 534 2403; x_wconf 81' lang='grc' dir='ltr'>μέν</span> <span class='ocrx_word' id='word_1_137' title='bbox 557 2317 591 2381; x_wconf 87' lang='grc' dir='ltr'>τὸ</span> <span class='ocrx_word' id='word_1_138' title='bbox 618 2318 725 2402; x_wconf 87' lang='grc' dir='ltr'>κακόν,</span> <span class='ocrx_word' id='word_1_139' title='bbox 752 2319 839 2405; x_wconf 81' lang='grc' dir='ltr'>τιμὴν</span> <span class='ocrx_word' id='word_1_140' title='bbox 860 2313 894 2382; x_wconf 87' lang='lat'>55</span> <span class='ocrx_word' id='word_1_141' title='bbox 912 2319 965 2388; x_wconf 79' lang='grc' dir='ltr'>τὴν</span> <span class='ocrx_word' id='word_1_142' title='bbox 982 2312 1172 2408; x_wconf 65' lang='grc' dir='ltr'>γιγνομένηνι</span> <span class='ocrx_word' id='word_1_143' title='bbox 1193 2319 1389 2407; x_wconf 89' lang='grc' dir='ltr'>περιεποίησα</span> <span class='ocrx_word' id='word_1_144' title='bbox 1415 2321 1467 2383; x_wconf 85' lang='grc' dir='ltr'>καί</span> 
     </span>
     <span class='ocr_line' id='line_1_17' title="bbox 375 2423 1469 2516; baseline 0.002 -25"><span class='ocrx_word' id='word_1_145' title='bbox 375 2425 497 2514; x_wconf 84' lang='grc' dir='ltr'>ἐμαυτῷ</span> <span class='ocrx_word' id='word_1_146' title='bbox 511 2429 563 2492; x_wconf 84' lang='grc' dir='ltr'>καί</span> <span class='ocrx_word' id='word_1_147' title='bbox 579 2437 643 2503; x_wconf 85' lang='grc' dir='ltr'>τοῖς</span> <span class='ocrx_word' id='word_1_148' title='bbox 657 2426 757 2515; x_wconf 85' lang='grc' dir='ltr'>ἐμοῖς,</span> <span class='ocrx_word' id='word_1_149' title='bbox 777 2427 836 2516; x_wconf 79' lang='grc' dir='ltr'>οὐχ</span> <span class='ocrx_word' id='word_1_150' title='bbox 850 2423 938 2500; x_wconf 78' lang='grc' dir='ltr'>ἧττον</span> <span class='ocrx_word' id='word_1_151' title='bbox 957 2424 989 2492; x_wconf 84' lang='lat'>55</span> <span class='ocrx_word' id='word_1_152' title='bbox 1005 2429 1056 2491; x_wconf 84' lang='grc' dir='ltr'>καί</span> <span class='ocrx_word' id='word_1_153' title='bbox 1072 2426 1155 2512; x_wconf 80' lang='grc' dir='ltr'>αὐτῷ</span> <span class='ocrx_word' id='word_1_154' title='bbox 1171 2435 1214 2512; x_wconf 83' lang='grc' dir='ltr'>τῷ</span> <span class='ocrx_word' id='word_1_155' title='bbox 1230 2427 1373 2506; x_wconf 78' lang='grc' dir='ltr'>παθόντι,</span> <span class='ocrx_word' id='word_1_156' title='bbox 1390 2428 1469 2493; x_wconf 82' lang='grc' dir='ltr'>ἀλλὰ</span> 
     </span>
     <span class='ocr_line' id='line_1_18' title="bbox 328 2535 1466 2628; baseline 0.004 -28"><span class='ocrx_word' id='word_1_157' title='bbox 328 2590 336 2609; x_wconf 88' lang='grc'>,.</span> <span class='ocrx_word' id='word_1_158' title='bbox 374 2537 428 2601; x_wconf 81' lang='grc' dir='ltr'>καί</span> <span class='ocrx_word' id='word_1_159' title='bbox 447 2536 600 2624; x_wconf 83' lang='grc' dir='ltr'>μάλιστα;</span> <span class='ocrx_word' id='word_1_160' title='bbox 620 2537 763 2609; x_wconf 82' lang='grc' dir='ltr'>Τέθνηκεν</span> <span class='ocrx_word' id='word_1_161' title='bbox 782 2539 797 2602; x_wconf 92' lang='lat'>5</span> <span class='ocrx_word' id='word_1_162' title='bbox 813 2547 905 2616; x_wconf 86' lang='grc' dir='ltr'>παῖς;</span> <span class='ocrx_word' id='word_1_163' title='bbox 926 2536 1005 2626; x_wconf 82' lang='grc' dir='ltr'>κάμὲ</span> <span class='ocrx_word' id='word_1_164' title='bbox 1020 2538 1053 2602; x_wconf 84' lang='grc' dir='ltr'>τὸ</span> <span class='ocrx_word' id='word_1_165' title='bbox 1069 2535 1186 2628; x_wconf 85' lang='grc' dir='ltr'>πατέρα</span> <span class='ocrx_word' id='word_1_166' title='bbox 1201 2537 1310 2626; x_wconf 84' lang='grc' dir='ltr'>πόρνου</span> <span class='ocrx_word' id='word_1_167' title='bbox 1325 2536 1466 2628; x_wconf 91' lang='grc' dir='ltr'>λέγεσθαι</span> 
     </span>
     <span class='ocr_line' id='line_1_19' title="bbox 373 2645 1467 2740; baseline 0.003 -29"><span class='ocrx_word' id='word_1_168' title='bbox 373 2645 511 2719; x_wconf 87' lang='grc' dir='ltr'>τέθνηκε.</span> <span class='ocrx_word' id='word_1_169' title='bbox 531 2647 688 2714; x_wconf 89' lang='grc' dir='ltr'>Πέπτωκεν</span> <span class='ocrx_word' id='word_1_170' title='bbox 705 2650 720 2714; x_wconf 91' lang='lat'>5</span> <span class='ocrx_word' id='word_1_171' title='bbox 740 2650 822 2729; x_wconf 82' lang='grc' dir='ltr'>υίύς;</span> <span class='ocrx_word' id='word_1_172' title='bbox 844 2649 924 2715; x_wconf 82' lang='grc' dir='ltr'>ἀλλὰ</span> <span class='ocrx_word' id='word_1_173' title='bbox 940 2650 973 2714; x_wconf 86' lang='grc' dir='ltr'>τὸ</span> <span class='ocrx_word' id='word_1_174' title='bbox 991 2649 1075 2740; x_wconf 86' lang='grc' dir='ltr'>γένος</span> <span class='ocrx_word' id='word_1_175' title='bbox 1093 2649 1284 2738; x_wconf 82' lang='grc' dir='ltr'>ἀνώρθωται.</span> <span class='ocrx_word' id='word_1_176' title='bbox 1303 2652 1467 2738; x_wconf 84' lang='grc' dir='ltr'>Διακεχώ-</span> 
     </span>
     <span class='ocr_line' id='line_1_20' title="bbox 373 2757 1467 2853; baseline 0.002 -31"><span class='ocrx_word' id='word_1_177' title='bbox 373 2780 477 2849; x_wconf 91' lang='grc' dir='ltr'>ρισται</span> <span class='ocrx_word' id='word_1_178' title='bbox 495 2758 511 2822; x_wconf 93' lang='lat'><em>5</em></span> <span class='ocrx_word' id='word_1_179' title='bbox 530 2757 563 2823; x_wconf 86' lang='grc' dir='ltr'>ἐκ</span> <span class='ocrx_word' id='word_1_180' title='bbox 578 2767 636 2824; x_wconf 84' lang='grc' dir='ltr'>τῶν</span> <span class='ocrx_word' id='word_1_181' title='bbox 654 2759 731 2847; x_wconf 86' lang='grc' dir='ltr'>έμῶν</span> <span class='ocrx_word' id='word_1_182' title='bbox 749 2760 804 2853; x_wconf 82' lang='grc' dir='ltr'>φὺς</span> <span class='ocrx_word' id='word_1_183' title='bbox 826 2763 1022 2853; x_wconf 78' lang='grc' dir='ltr'>σπερμάτων;</span> <span class='ocrx_word' id='word_1_184' title='bbox 1044 2758 1111 2824; x_wconf 84' lang='grc' dir='ltr'>ἀλλ’</span> <span class='ocrx_word' id='word_1_185' title='bbox 1132 2758 1196 2846; x_wconf 81' lang='grc' dir='ltr'>ἐμοὶ</span> <span class='ocrx_word' id='word_1_186' title='bbox 1217 2761 1358 2850; x_wconf 87' lang='grc' dir='ltr'>κρείττων</span> <span class='ocrx_word' id='word_1_187' title='bbox 1376 2758 1467 2850; x_wconf 83' lang='grc' dir='ltr'>ἐφοίνη</span> 
     </span>
     <span class='ocr_line' id='line_1_21' title="bbox 372 2869 1468 2963; baseline 0.001 -28"><span class='ocrx_word' id='word_1_188' title='bbox 372 2878 428 2946; x_wconf 75' lang='grc' dir='ltr'>τῆς</span> <span class='ocrx_word' id='word_1_189' title='bbox 450 2879 606 2963; x_wconf 82' lang='grc' dir='ltr'>συμφορᾶς</span> <span class='ocrx_word' id='word_1_190' title='bbox 630 2873 650 2942; x_wconf 90' lang='lat'>5</span> <span class='ocrx_word' id='word_1_191' title='bbox 672 2876 725 2936; x_wconf 89' lang='grc' dir='ltr'>τοῦ</span> <span class='ocrx_word' id='word_1_192' title='bbox 748 2872 1044 2960; x_wconf 77' lang='grc' dir='ltr'>πλημμελήματος”</span> <span class='ocrx_word' id='word_1_193' title='bbox 1027 2894 1152 2946; x_wconf 87' lang='grc' dir='ltr'>εκτισις.</span> <span class='ocrx_word' id='word_1_194' title='bbox 1173 2870 1237 2934; x_wconf 87' lang='grc' dir='ltr'>Καν</span> <span class='ocrx_word' id='word_1_195' title='bbox 1260 2869 1346 2960; x_wconf 86' lang='grc' dir='ltr'>θέλης</span> <span class='ocrx_word' id='word_1_196' title='bbox 1367 2871 1468 2938; x_wconf 87' lang='grc' dir='ltr'>λυπεῖν</span> 
     </span>
     <span class='ocr_line' id='line_1_22' title="bbox 374 2978 1468 3076; baseline 0.003 -31"><span class='ocrx_word' id='word_1_197' title='bbox 374 2978 566 3066; x_wconf 88' lang='grc' dir='ltr'>ἐντεῦθεν,</span> <span class='ocrx_word' id='word_1_198' title='bbox 547 3007 567 3053; x_wconf 96' lang='grc' dir='ltr'>η</span> <span class='ocrx_word' id='word_1_199' title='bbox 587 2991 640 3058; x_wconf 80' lang='grc' dir='ltr'>τῆς</span> <span class='ocrx_word' id='word_1_200' title='bbox 657 2982 751 3059; x_wconf 85' lang='grc' dir='ltr'>λύπης</span> <span class='ocrx_word' id='word_1_201' title='bbox 767 2982 916 3076; x_wconf 71' lang='grc' dir='ltr'>ύπερθολίι</span> <span class='ocrx_word' id='word_1_202' title='bbox 936 2984 1041 3074; x_wconf 82' lang='grc' dir='ltr'>χώραν</span> <span class='ocrx_word' id='word_1_203' title='bbox 1065 2982 1123 3070; x_wconf 87' lang='grc' dir='ltr'>οῦχ</span> <span class='ocrx_word' id='word_1_204' title='bbox 1144 2979 1201 3057; x_wconf 82' lang='grc' dir='ltr'>ἕξει</span> <span class='ocrx_word' id='word_1_205' title='bbox 1223 2984 1305 3047; x_wconf 85' lang='grc' dir='ltr'>κατὰ</span> <span class='ocrx_word' id='word_1_206' title='bbox 1326 2991 1379 3058; x_wconf 84' lang='grc' dir='ltr'>τῆς</span> <span class='ocrx_word' id='word_1_207' title='bbox 1396 2983 1468 3070; x_wconf 74' lang='grc' dir='ltr'>ἐμῆς</span> 
     </span>
     <span class='ocr_line' id='line_1_23' title="bbox 374 3072 1469 3186; baseline 0.003 -31"><span class='ocrx_word' id='word_1_208' title='bbox 374 3100 545 3183; x_wconf 83' lang='grc' dir='ltr'>συμφορᾶς.</span> <span class='ocrx_word' id='word_1_209' title='bbox 566 3072 647 3156; x_wconf 91' lang='grc' dir='ltr'>Εστέ</span> <span class='ocrx_word' id='word_1_210' title='bbox 646 3118 740 3183; x_wconf 89' lang='grc' dir='ltr'>ρημαι</span> <span class='ocrx_word' id='word_1_211' title='bbox 758 3119 809 3158; x_wconf 91' lang='grc' dir='ltr'>και</span> <span class='ocrx_word' id='word_1_212' title='bbox 799 3090 940 3170; x_wconf 76' lang='grc' dir='ltr'>παιδὸς</span> <span class='ocrx_word' id='word_1_213' title='bbox 956 3096 1097 3185; x_wconf 90' lang='grc' dir='ltr'>γνησίου</span> <span class='ocrx_word' id='word_1_214' title='bbox 1120 3093 1200 3158; x_wconf 80' lang='grc' dir='ltr'>ἀλλὰ</span> <span class='ocrx_word' id='word_1_215' title='bbox 1216 3094 1267 3157; x_wconf 86' lang='grc' dir='ltr'>καί</span> <span class='ocrx_word' id='word_1_216' title='bbox 1285 3093 1359 3186; x_wconf 83' lang='grc' dir='ltr'>παρ’</span> <span class='ocrx_word' id='word_1_217' title='bbox 1374 3093 1469 3182; x_wconf 90' lang='grc' dir='ltr'>ἐμαυ-</span> 
     </span>
     <span class='ocr_line' id='line_1_24' title="bbox 373 3201 1467 3296; baseline 0.005 -32"><span class='ocrx_word' id='word_1_218' title='bbox 373 3205 426 3265; x_wconf 92' lang='grc' dir='ltr'>τοῦ</span> <span class='ocrx_word' id='word_1_219' title='bbox 444 3206 533 3267; x_wconf 91' lang='grc' dir='ltr'>τοῦτο</span> <span class='ocrx_word' id='word_1_220' title='bbox 549 3201 695 3267; x_wconf 89' lang='grc' dir='ltr'>πέπονθα.</span> <span class='ocrx_word' id='word_1_221' title='bbox 716 3205 752 3266; x_wconf 90' lang='grc' dir='ltr'>Τί</span> <span class='ocrx_word' id='word_1_222' title='bbox 771 3211 825 3279; x_wconf 78' lang='grc' dir='ltr'>τῆς</span> <span class='ocrx_word' id='word_1_223' title='bbox 843 3212 999 3296; x_wconf 82' lang='grc' dir='ltr'>συμφορᾶς</span> <span class='ocrx_word' id='word_1_224' title='bbox 1014 3202 1127 3279; x_wconf 85' lang='grc' dir='ltr'>ταύτης</span> <span class='ocrx_word' id='word_1_225' title='bbox 1144 3201 1252 3293; x_wconf 83' lang='grc' dir='ltr'>γένοιτ’</span> <span class='ocrx_word' id='word_1_226' title='bbox 1272 3203 1308 3267; x_wconf 83' lang='grc' dir='ltr'>ἂν</span> <span class='ocrx_word' id='word_1_227' title='bbox 1326 3203 1467 3294; x_wconf 82' lang='grc' dir='ltr'>ἀλγεινό-</span> 
     </span>
    </p>

    <p class='ocr_par' dir='ltr' id='par_1_6' title="bbox 374 3313 1465 3513">
     <span class='ocr_line' id='line_1_25' title="bbox 374 3313 1465 3445; baseline 0.005 -70"><span class='ocrx_word' id='word_1_228' title='bbox 374 3332 479 3404; x_wconf 76' lang='grc' dir='ltr'>τερον;</span> <span class='ocrx_word' id='word_1_229' title='bbox 507 3314 706 3404; x_wconf 75' lang='grc' dir='ltr'>ἠνάγκασμαι</span> <span class='ocrx_word' id='word_1_230' title='bbox 733 3341 785 3379; x_wconf 92' lang='grc' dir='ltr'>και</span> <span class='ocrx_word' id='word_1_231' title='bbox 812 3314 886 3445; x_wconf 83' lang='grc' dir='ltr'>πρὸς</span> <span class='ocrx_word' id='word_1_232' title='bbox 914 3314 1076 3380; x_wconf 81' lang='grc' dir='ltr'>ἀλλόκοτον</span> <span class='ocrx_word' id='word_1_233' title='bbox 1102 3315 1205 3404; x_wconf 88' lang='grc' dir='ltr'>φόνον,</span> <span class='ocrx_word' id='word_1_234' title='bbox 1233 3313 1387 3404; x_wconf 81' lang='grc' dir='ltr'>ὁμολογῶ,</span> <span class='ocrx_word' id='word_1_235' title='bbox 1414 3318 1465 3380; x_wconf 84' lang='grc' dir='ltr'>καί</span> 
     </span>
     <span class='ocr_line' id='line_1_26' title="bbox 375 3418 1465 3513; baseline -0.001 -27"><span class='ocrx_word' id='word_1_236' title='bbox 375 3418 471 3498; x_wconf 87' lang='grc' dir='ltr'>οῦτως</span> <span class='ocrx_word' id='word_1_237' title='bbox 494 3426 615 3488; x_wconf 82' lang='grc' dir='ltr'>ἔπνευσε</span> <span class='ocrx_word' id='word_1_238' title='bbox 638 3421 708 3487; x_wconf 83' lang='grc' dir='ltr'>κατ’</span> <span class='ocrx_word' id='word_1_239' title='bbox 726 3422 799 3511; x_wconf 88' lang='grc' dir='ltr'>ἐμοῦ</span> <span class='ocrx_word' id='word_1_240' title='bbox 818 3424 869 3487; x_wconf 86' lang='grc' dir='ltr'>τὸ</span> <span class='ocrx_word' id='word_1_241' title='bbox 876 3419 1048 3510; x_wconf 78' lang='grc' dir='ltr'>δαιμόνιον,</span> <span class='ocrx_word' id='word_1_242' title='bbox 1075 3422 1176 3498; x_wconf 88' lang='grc' dir='ltr'>ὥςθ’</span> <span class='ocrx_word' id='word_1_243' title='bbox 1163 3431 1328 3492; x_wconf 83' lang='grc' dir='ltr'>υποστηναι</span> <span class='ocrx_word' id='word_1_244' title='bbox 1352 3447 1465 3513; x_wconf 87' lang='grc' dir='ltr'>παοιιρ</span> <span class='ocrx_word' id='word_1_245' title='bbox 1394 3420 1465 3498; x_wconf 80' lang='grc' dir='ltr'>ἆξαι</span> 
     </span>
    </p>

    <p class='ocr_par' dir='ltr' id='par_1_7' title="bbox 372 3527 1467 4179">
     <span class='ocr_line' id='line_1_27' title="bbox 374 3527 1463 3641; baseline -0.001 -43"><span class='ocrx_word' id='word_1_246' title='bbox 374 3531 446 3641; x_wconf 86' lang='grc' dir='ltr'>ὅπερ</span> <span class='ocrx_word' id='word_1_247' title='bbox 464 3527 585 3598; x_wconf 83' lang='grc' dir='ltr'>οῦδέθ</span> <span class='ocrx_word' id='word_1_248' title='bbox 556 3535 610 3626; x_wconf 88' lang='grc' dir='ltr'>θηρ</span> <span class='ocrx_word' id='word_1_249' title='bbox 632 3540 738 3625; x_wconf 81' lang='grc' dir='ltr'>ἄγριος</span> <span class='ocrx_word' id='word_1_250' title='bbox 755 3535 888 3628; x_wconf 76' lang='grc' dir='ltr'>πώποτε.</span> <span class='ocrx_word' id='word_1_251' title='bbox 913 3535 1039 3626; x_wconf 87' lang='grc' dir='ltr'>Αφες</span> <span class='ocrx_word' id='word_1_252' title='bbox 1010 3558 1062 3606; x_wconf 91' lang='grc' dir='ltr'>την</span> <span class='ocrx_word' id='word_1_253' title='bbox 1084 3531 1178 3620; x_wconf 88' lang='grc' dir='ltr'>τύχην</span> <span class='ocrx_word' id='word_1_254' title='bbox 1196 3530 1343 3597; x_wconf 81' lang='grc' dir='ltr'>πεττεύειν</span> <span class='ocrx_word' id='word_1_255' title='bbox 1366 3535 1463 3621; x_wconf 77' lang='grc' dir='ltr'>τάμά.</span> 
     </span>
     <span class='ocr_line' id='line_1_28' title="bbox 373 3625 1467 3736; baseline 0 -28"><span class='ocrx_word' id='word_1_256' title='bbox 373 3642 483 3735; x_wconf 87' lang='grc' dir='ltr'>Αφες’</span> <span class='ocrx_word' id='word_1_257' title='bbox 470 3668 507 3709; x_wconf 88' lang='grc' dir='ltr'>επ</span> <span class='ocrx_word' id='word_1_258' title='bbox 509 3639 672 3719; x_wconf 79' lang='grc' dir='ltr'>’ἀθείαςθ</span> <span class='ocrx_word' id='word_1_259' title='bbox 675 3654 770 3736; x_wconf 90' lang='grc' dir='ltr'>ρηνεῖν</span> <span class='ocrx_word' id='word_1_260' title='bbox 786 3670 823 3732; x_wconf 87' lang='grc' dir='ltr'>με</span> <span class='ocrx_word' id='word_1_261' title='bbox 835 3669 888 3716; x_wconf 87' lang='grc' dir='ltr'>την</span> <span class='ocrx_word' id='word_1_262' title='bbox 900 3668 1069 3736; x_wconf 91' lang='grc' dir='ltr'>συμφορ</span> <span class='ocrx_word' id='word_1_263' title='bbox 1062 3625 1324 3736; x_wconf 75' lang='grc' dir='ltr'>.Ᾰυαλο’γισαι</span> <span class='ocrx_word' id='word_1_264' title='bbox 1292 3667 1371 3730; x_wconf 87' lang='grc' dir='ltr'>μενε</span> <span class='ocrx_word' id='word_1_265' title='bbox 1365 3643 1467 3721; x_wconf 85' lang='grc' dir='ltr'>’θέλεις</span> 
     </span>
     <span class='ocr_line' id='line_1_29' title="bbox 372 3750 1467 3848; baseline 0.005 -32"><span class='ocrx_word' id='word_1_266' title='bbox 372 3755 425 3818; x_wconf 83' lang='grc' dir='ltr'>καί</span> <span class='ocrx_word' id='word_1_267' title='bbox 451 3754 505 3824; x_wconf 80' lang='grc' dir='ltr'>τὴν</span> <span class='ocrx_word' id='word_1_268' title='bbox 528 3756 664 3844; x_wconf 79' lang='grc' dir='ltr'>ἀνάγκην</span> <span class='ocrx_word' id='word_1_269' title='bbox 689 3763 742 3830; x_wconf 80' lang='grc' dir='ltr'>τῆς</span> <span class='ocrx_word' id='word_1_270' title='bbox 764 3753 896 3845; x_wconf 89' lang='grc' dir='ltr'>φύσεως·</span> <span class='ocrx_word' id='word_1_271' title='bbox 925 3755 1108 3845; x_wconf 81' lang='grc' dir='ltr'>ἀναλόγισαι</span> <span class='ocrx_word' id='word_1_272' title='bbox 1131 3750 1164 3818; x_wconf 86' lang='lat'>55</span> <span class='ocrx_word' id='word_1_273' title='bbox 1188 3755 1239 3819; x_wconf 82' lang='grc' dir='ltr'>καί</span> <span class='ocrx_word' id='word_1_274' title='bbox 1260 3755 1312 3825; x_wconf 79' lang='grc' dir='ltr'>τὴν</span> <span class='ocrx_word' id='word_1_275' title='bbox 1331 3758 1467 3848; x_wconf 80' lang='grc' dir='ltr'>ἀνάγκην</span> 
     </span>
     <span class='ocr_line' id='line_1_30' title="bbox 372 3862 1466 3953; baseline 0.005 -27"><span class='ocrx_word' id='word_1_276' title='bbox 372 3867 427 3928; x_wconf 88' lang='grc' dir='ltr'>τοῦ</span> <span class='ocrx_word' id='word_1_277' title='bbox 450 3871 557 3934; x_wconf 81' lang='grc' dir='ltr'>στῆναι</span> <span class='ocrx_word' id='word_1_278' title='bbox 582 3865 621 3928; x_wconf 81' lang='grc' dir='ltr'>τὰ</span> <span class='ocrx_word' id='word_1_279' title='bbox 647 3871 814 3953; x_wconf 75' lang='grc' dir='ltr'>αἴσχιστα,</span> <span class='ocrx_word' id='word_1_280' title='bbox 834 3867 886 3929; x_wconf 83' lang='grc' dir='ltr'>καί</span> <span class='ocrx_word' id='word_1_281' title='bbox 907 3864 951 3930; x_wconf 79' lang='grc' dir='ltr'>ὅτι</span> <span class='ocrx_word' id='word_1_282' title='bbox 971 3866 1025 3931; x_wconf 85' lang='grc' dir='ltr'>οῦκ</span> <span class='ocrx_word' id='word_1_283' title='bbox 1048 3862 1083 3938; x_wconf 73' lang='grc' dir='ltr'>ἦν</span> <span class='ocrx_word' id='word_1_284' title='bbox 1108 3866 1208 3942; x_wconf 77' lang='grc' dir='ltr'>ἄλλως</span> <span class='ocrx_word' id='word_1_285' title='bbox 1228 3875 1333 3936; x_wconf 77' lang='grc' dir='ltr'>στῆναι</span> <span class='ocrx_word' id='word_1_286' title='bbox 1352 3867 1371 3937; x_wconf 88' lang='lat'>5</span> <span class='ocrx_word' id='word_1_287' title='bbox 1391 3863 1466 3931; x_wconf 79' lang='grc' dir='ltr'>θια-</span> 
     </span>
     <span class='ocr_line' id='line_1_31' title="bbox 372 3953 1463 4070; baseline 0.003 -33"><span class='ocrx_word' id='word_1_288' title='bbox 372 3971 560 4065; x_wconf 87' lang='grc' dir='ltr'>πραχθέντος</span> <span class='ocrx_word' id='word_1_289' title='bbox 575 3979 629 4038; x_wconf 91' lang='grc' dir='ltr'>τοῦ</span> <span class='ocrx_word' id='word_1_290' title='bbox 645 3977 839 4067; x_wconf 82' lang='grc' dir='ltr'>πράττοντος.</span> <span class='ocrx_word' id='word_1_291' title='bbox 858 3953 953 4067; x_wconf 76' lang='grc' dir='ltr'>ίλςπερ</span> <span class='ocrx_word' id='word_1_292' title='bbox 970 3980 1043 4070; x_wconf 89' lang='grc' dir='ltr'>γοίρ,</span> <span class='ocrx_word' id='word_1_293' title='bbox 1063 3981 1087 4041; x_wconf 87' lang='grc' dir='ltr'>εἰ</span> <span class='ocrx_word' id='word_1_294' title='bbox 1104 3980 1143 4041; x_wconf 85' lang='grc' dir='ltr'>τὰ</span> <span class='ocrx_word' id='word_1_295' title='bbox 1159 3977 1242 4042; x_wconf 86' lang='grc' dir='ltr'>καλὰ</span> <span class='ocrx_word' id='word_1_296' title='bbox 1257 3979 1398 4069; x_wconf 88' lang='grc' dir='ltr'>προίττειν</span> <span class='ocrx_word' id='word_1_297' title='bbox 1414 3972 1463 4060; x_wconf 73' lang='grc' dir='ltr'>ἦν,</span> 
     </span>
     <span class='ocr_line' id='line_1_32' title="bbox 374 4083 1465 4179; baseline 0.003 -32"><span class='ocrx_word' id='word_1_298' title='bbox 374 4083 494 4171; x_wconf 84' lang='grc' dir='ltr'>ἔμελλεν</span> <span class='ocrx_word' id='word_1_299' title='bbox 516 4083 703 4150; x_wconf 86' lang='grc' dir='ltr'>ἐπαινεῖσθαι</span> <span class='ocrx_word' id='word_1_300' title='bbox 719 4087 772 4150; x_wconf 84' lang='grc' dir='ltr'>καί</span> <span class='ocrx_word' id='word_1_301' title='bbox 794 4086 867 4177; x_wconf 82' lang='grc' dir='ltr'>παρ’</span> <span class='ocrx_word' id='word_1_302' title='bbox 887 4086 959 4174; x_wconf 86' lang='grc' dir='ltr'>ἐμοῦ</span> <span class='ocrx_word' id='word_1_303' title='bbox 982 4090 1143 4179; x_wconf 84' lang='grc' dir='ltr'>καίπαροί</span> <span class='ocrx_word' id='word_1_304' title='bbox 1165 4094 1224 4151; x_wconf 87' lang='grc' dir='ltr'>τῶν</span> <span class='ocrx_word' id='word_1_305' title='bbox 1248 4084 1366 4169; x_wconf 82' lang='grc' dir='ltr'>ἔξωθεν,</span> <span class='ocrx_word' id='word_1_306' title='bbox 1388 4083 1465 4151; x_wconf 85' lang='grc' dir='ltr'>οῦτω</span> 
     </span>
    </p>
   </div>
   <div class='ocr_carea' id='block_1_4' title="bbox 405 4357 1368 4509">
    <p class='ocr_par' dir='ltr' id='par_1_8' title="bbox 405 4357 1368 4509">
     <span class='ocr_line' id='line_1_33' title="bbox 406 4357 1352 4428; baseline 0.004 -20"><span class='ocrx_word' id='word_1_307' title='bbox 406 4357 414 4385; x_wconf 85' lang='lat'>¹</span> <span class='ocrx_word' id='word_1_308' title='bbox 427 4357 527 4410; x_wconf 53' lang='grc' dir='ltr'>δολίοις</span> <span class='ocrx_word' id='word_1_309' title='bbox 541 4362 656 4420; x_wconf 82' lang='grc' dir='ltr'>ἀντίθεσις</span> <span class='ocrx_word' id='word_1_310' title='bbox 669 4364 883 4428; x_wconf 76' lang='grc' dir='ltr'>ἆντεγκληματική.</span> <span class='ocrx_word' id='word_1_311' title='bbox 966 4362 976 4387; x_wconf 85' lang='lat'><strong>³</strong></span> <span class='ocrx_word' id='word_1_312' title='bbox 989 4365 1031 4420; x_wconf 76' lang='grc' dir='ltr'>Οἷς</span> <span class='ocrx_word' id='word_1_313' title='bbox 1043 4361 1090 4426; x_wconf 81' lang='grc' dir='ltr'>ὅτι]</span> <span class='ocrx_word' id='word_1_314' title='bbox 1101 4361 1156 4411; x_wconf 80' lang='lat' dir='ltr'>vide</span> <span class='ocrx_word' id='word_1_315' title='bbox 1170 4379 1197 4428; x_wconf 86' lang='lat' dir='ltr'>p.</span> <span class='ocrx_word' id='word_1_316' title='bbox 1211 4363 1272 4420; x_wconf 74' lang='lat'>197,</span> <span class='ocrx_word' id='word_1_317' title='bbox 1288 4379 1310 4412; x_wconf 85' lang='lat' dir='ltr'>n.</span> <span class='ocrx_word' id='word_1_318' title='bbox 1329 4369 1352 4412; x_wconf 88' lang='grc'>1.</span> 
     </span>
     <span class='ocr_line' id='line_1_34' title="bbox 405 4435 1368 4509; baseline 0.004 -21"><span class='ocrx_word' id='word_1_319' title='bbox 405 4435 416 4462; x_wconf 77' lang='lat'>⁸</span> <span class='ocrx_word' id='word_1_320' title='bbox 426 4435 525 4488; x_wconf 70' lang='lat' dir='ltr'><strong>schoht</strong></span> <span class='ocrx_word' id='word_1_321' title='bbox 539 4441 683 4497; x_wconf 81' lang='grc' dir='ltr'>ἀντίστασις.</span> <span class='ocrx_word' id='word_1_322' title='bbox 967 4443 977 4467; x_wconf 76' lang='lat'><strong>⁴</strong></span> <span class='ocrx_word' id='word_1_323' title='bbox 987 4441 1134 4509; x_wconf 79' lang='grc' dir='ltr'>Γιγνομίνηυ]</span> <span class='ocrx_word' id='word_1_324' title='bbox 1144 4441 1199 4492; x_wconf 86' lang='lat' dir='ltr'><strong>vide</strong></span> <span class='ocrx_word' id='word_1_325' title='bbox 1211 4457 1255 4507; x_wconf 85' lang='lat' dir='ltr'>pp.</span> <span class='ocrx_word' id='word_1_326' title='bbox 1265 4444 1310 4500; x_wconf 80' lang='lat'>35,</span> <span class='ocrx_word' id='word_1_327' title='bbox 1326 4444 1368 4492; x_wconf 69' lang='lat'>54.</span> 
     </span>
    </p>
   </div>
   <div class='ocr_carea' id='block_1_5' title="bbox 0 0 1849 5659">
    <p class='ocr_par' dir='ltr' id='par_1_9' title="bbox 0 0 1849 5659">
     <span class='ocr_line' id='line_1_35' title="bbox 0 0 1849 5659; baseline 0 0"><span class='ocrx_word' id='word_1_328' title='bbox 0 0 1849 5659; x_wconf 95' lang='lat' dir='ltr'> </span> 
     </span>
    </p>
   </div>
  </div>
 </body>
</html>
