3684 5659
447 619 494 687 72
783 625 817 682 Γ.
847 623 919 682 ΤΟΥ
945 619 1200 683 ΠΑΧΥΜΕΡΟΥΣ

447 761 487 833 ὡς
512 759 661 832 ἐναντίους
683 758 894 846 χειρώσονται,
912 757 964 818 καί
984 735 1105 824 Ᾰθηνῶν
1123 754 1239 829 οίλωσις
1257 755 1439 842 λεχθήσεται
1457 757 1537 821 τότε.

447 869 547 944 Ναοῦς
572 876 739 958 περιφανεῖς
772 867 1036 956 καταπρήσουσιν,
1066 868 1168 929 οἰκιῶν
1195 866 1317 952 θεμέλια
1344 863 1537 958 ἀνορύξουσι.
1562 884 1565 889 ’

446 982 504 1043 Καὶ
531 982 560 1043 τί
587 979 674 1043 πλέον
697 980 783 1040 ἔσται
804 981 948 1066 ρυγοῦσιν
967 978 1054 1062 ημῖν,
1076 979 1100 1039 εί
1122 975 1291 1040 ταῦτακαὶ
1316 977 1406 1041 πάλιν
1429 980 1538 1043 πεισό-

446 1093 542 1176 μεθα;
571 1092 621 1154 καὶ
646 1089 766 1175 μένουσι
784 1085 836 1174 μὲν
858 1088 910 1150 καί
930 1086 1115 1174 μαχομένοις
1142 1087 1350 1177 περιγενέσθαι
1376 1088 1477 1165 ε’λπίς·
1499 1094 1541 1168 είς

446 1206 518 1275 ναῦς
544 1197 577 1264 δὲ
606 1199 817 1287 μεταθεόντων,
851 1198 906 1262 κᾶν
935 1205 1080 1284 νικῶμεν,
1108 1193 1197 1262 οὐθὲν
1218 1193 1305 1269 ἧττον
1330 1201 1350 1269 ἡ
1374 1200 1462 1275 πόλις
1487 1202 1541 1272 τὴν

446 1310 559 1375 ἅλωσιν
576 1309 778 1380 ῦποστίισεται
794 1334 823 1368 ν.

494 1424 557 1486 Κᾶν
587 1425 684 1486 ταῦτά
711 1446 756 1496 τις
787 1420 881 1510 λέγων
909 1418 1046 1509 ἐπειρᾶτο
1074 1419 1215 1504 κωλύειν,
1244 1421 1381 1508 ηνείχετό
1411 1445 1467 1496 τις.
1481 1430 1540 1486 τῶν

446 1533 559 1622 λόγων;
579 1531 646 1597 ἀλλ’
665 1531 719 1596 οῦκ
737 1530 822 1605 εύθῦς
835 1530 856 1593 ’ὁ
874 1529 968 1619 λέγων
986 1527 1122 1592 ἐτελεύτα
1138 1528 1437 1616 λιθολευστούμενος;

493 1642 615 1718 Τούτοις
638 1643 791 1732 χρώμενος
809 1642 860 1704 καί
882 1638 973 1712 αὐτὸς
993 1635 1225 1730 παραδείγμασι
1249 1643 1465 1733 κατεπίμπρων
1485 1644 1542 1718 τὰς

445 1759 534 1836 ναῦς,
568 1752 604 1817 ἵν’
636 1752 729 1817 ἐπιθῶ
755 1760 807 1825 τῆς
834 1747 956 1832 νίκηςί,
988 1752 1040 1814 καί
1071 1752 1124 1820 τίνν
1150 1751 1235 1816 πόλιν
1262 1751 1452 1844 ἐλευθερώσω
1482 1762 1541 1818 τών

448 1866 604 1953 χαλεπῶν.

493 1976 533 2037 Σίν
558 1972 601 2060 θ’,
630 1971 823 2065 ἐπηρεάζειν’
846 1973 937 2037 θέλων
962 1977 1014 2037 καὶ
1039 1985 1218 2065 κατηγορεῖν
1240 1973 1439 2066 προθέμενος,
1467 1975 1542 2063 ε’μάς

445 2087 620 2175 ἀναπλάττη
640 2083 795 2170 διανοίας,
821 2087 889 2168 καί,
907 2084 1002 2177 ὥςπερ
1021 2086 1057 2149 ἂν
1074 2089 1099 2150 εἰ
1121 2088 1170 2151 τὸν
1190 2086 1259 2174 ἐμὸν
1280 2091 1368 2173 ᾤκεις
1387 2083 1486 2172 voest,
1505 2088 1540 2153 οῦ

445 2195 498 2262 διὰ
512 2201 610 2262 ταῦτοί
622 2222 658 2285 με
672 2197 768 2287 λέγεις
780 2199 835 2272 τὰς
850 2201 922 2270 ναῦς
939 2196 1115 2285 πυρπολεῖν·
1137 2196 1217 2261 ἀλλὰ
1234 2193 1329 2271 δεινὸς
1347 2201 1401 2281 ών,
1422 2193 1538 2284 δεινός,

445 2305 469 2374 ὦ
495 2315 567 2394 Ζεῦ,
590 2311 642 2373 καὶ
670 2304 791 2383 θύςνους
813 2316 849 2396 τῇ
875 2305 979 2389 πόλει,
1008 2308 1116 2399 τρόπον
1140 2307 1243 2371 καινόν
1268 2306 1445 2384 καταθολῆς
1469 2309 1540 2374 ε’πε-

445 2423 574 2494 νόησας·
604 2446 619 2476 «
643 2421 691 2484 ίνα
723 2419 807 2484 πόλιν
835 2427 903 2492 ταῖς
934 2426 992 2482 τῶν
1020 2426 1096 2488 νηῶν
1126 2416 1293 2492 ἀποθολαῖς
1323 2420 1541 2490 ἀσθενήσασαν

446 2532 623 2623 εὐχείρωτον
652 2530 765 2621 ἐργάσῃ
792 2539 854 2603 τοῖς
881 2528 1042 2612 ἐναντίοις,
1069 2530 1108 2603 ὡς
1132 2524 1224 2614 μηθὲν
1254 2527 1376 2614 ἀμύνειν
1405 2534 1540 2620 ἔχουσαν

446 2641 537 2731 ἑαυτῇ
552 2667 581 2705 ν.

495 2754 553 2815 Καὶ
572 2747 676 2815 πόθεν4
693 2754 773 2837 ἔχεις
786 2745 916 2829 εἰδέναι,
937 2745 1094 2832 βέλτιστε,
1114 2754 1220 2827 τοῦτο;
1239 2749 1397 2841 Προθαλοῦ
1417 2763 1541 2839 σημεῖον

447 2870 498 2935 τῆς
511 2861 642 2950 γνώμης.
664 2837 792 2949 θλεγξον
806 2855 836 2933 ἐξ
851 2858 997 2947 ε’μρανοῦς
1015 2855 1136 2934 θύςνουν
1154 2856 1290 2925 διάνοιαν
1308 2863 1421 2951 ἀφανῆ.
1439 2859 1542 2938 Δεῖξον

446 2969 520 3034 ἄλλο
542 2995 570 3032 τι
592 2967 726 3059 πραχθὲν
749 2968 767 3037 ἢ
789 2967 893 3055 λεχθὲν
916 2967 1100 3058 παρ’ἐμοῦ,
1127 2966 1251 3040 δόκησιν
1272 2973 1341 3058 ἕχον
1362 2970 1452 3056 ψιλὴν
1467 2968 1540 3061 ὑπὲρ

445 3090 503 3144 τῶν
526 3080 682 3160 ἐναντίων,
706 3077 724 3148 ἢ
742 3081 822 3141 κατά
844 3103 878 3167 γε
895 3087 948 3153 τῆς
964 3079 1091 3153 πόλεως.
1116 3061 1224 3171 θρώτα
1241 3079 1310 3155 τοὺς
1327 3081 1543 3172 συμπαρόντας

446 3191 509 3278 ἐμοὶ
537 3190 741 3280 στρατιώτας,
769 3186 819 3263 οῦς
843 3189 896 3253 οῦκ
920 3197 989 3254 ε’ίων
1012 3187 1081 3254 οῦθὲ
1103 3200 1196 3282 τροφῇ
1220 3194 1353 3281 χρῆσθαι
1375 3188 1442 3256 οὐθ’
1460 3191 1541 3280 ῦπνῳ

446 3297 582 3365 θιόόναιῧ
612 3299 773 3390 αῦτοίρκει,
807 3299 860 3365 οῦκ
890 3301 1057 3366 ἀποθέσθαι
1083 3303 1139 3366 κᾶν
1165 3302 1211 3366 ἐπὶ
1239 3304 1364 3393 σμικρὸν
1392 3305 1538 3396 θώρακα,

481 3580 487 3603 ¹
502 3577 588 3630 Ἐπιώσι
607 3593 647 3637 τῆς
661 3581 730 3643 νίκης]
747 3582 801 3629 vide
818 3598 842 3646 p.
857 3584 888 3641 9,
908 3597 931 3629 n.
952 3584 977 3629 2.
1006 3581 1067 3630 dans
1084 3582 1121 3630 les
1138 3582 1296 3639 sentiments,
1314 3582 1375 3630 dans
1394 3582 1417 3631 la
1435 3584 1541 3647 ρεπεῦε,

446 3659 523 3719 Quum
541 3661 568 3706 sit
583 3651 709 3708 ἐπιθαίνειν
726 3659 825 3708 verbum
841 3659 979 3717 nauticum,
1008 3660 1068 3709 dans
1086 3659 1180 3723 l’csptit
1198 3659 1228 3707 de
1246 3660 1376 3724 quelqu’un
1390 3679 1413 3708 ι.
1434 3660 1497 3710 Hinc
1518 3663 1543 3711 in

445 3738 522 3784 lector
548 3738 631 3786 nolens
656 3739 739 3787 volens
765 3740 854 3802 cogitat
873 3738 903 3787 dc
926 3738 980 3785 tusu
1007 3739 1112 3802 quodam
1136 3738 1304 3802 «ineptiarum
1323 3737 1487 3798 libello-,ut
1503 3740 1543 3789 Ιο-

446 3814 515 3864 vaide
528 3816 704 3881 inopportuno,
719 3832 789 3877 quem
803 3817 979 3881 Pachymercs‚
1007 3818 1088 3880 quitur
1104 3816 1247 3875 Suetonius,
1267 3817 1345 3865 lusum
1362 3826 1400 3864 est
1420 3816 1541 3881 illepide:

445 3894 464 3942 si
486 3894 517 3941 de
538 3909 567 3943 eo
589 3896 640 3958 ipsc
661 3896 813 3959 cogitavisset
834 3894 869 3944 vel
895 3896 979 3943 suisset
1008 3895 1110 3960 «Soyez
1119 3910 1186 3944 assez
1197 3895 1245 3943 bon
1255 3893 1476 3958 poutentrcrdans
1485 3912 1542 3944 mon

445 3973 593 4032 admonitus,
607 3974 686 4022 statim
697 3973 839 4022 delevisset:
851 3975 890 4030 ἵν’,
903 3974 929 4024 οῦ
942 3975 980 4022 δυ·
1007 3977 1090 4040 esprit.
1100 3973 1263 4022 —·Vraiment
1277 3988 1325 4020 non
1335 3992 1340 4028 ;
1347 3971 1373 4036 je
1383 3973 1424 4037 η’]
1437 3974 1543 4023 enti-erni

445 4060 540 4117 ναμεννς
549 4055 594 4110 ἤδη
604 4064 649 4102 τῶν
658 4064 711 4103 νεῶν
722 4056 842 4111 ἑπιθῆναι,
856 4055 928 4103 ἐπιθῶ
940 4067 981 4111 τῆς
1008 4070 1060 4118 pas.
1075 4053 1104 4102 Je
1114 4054 1189 4101 sci-ais
1203 4063 1257 4114 trop
1268 4051 1316 4100 mal
1334 4052 1389 4115 loge
1401 4070 1425 4101 ν.

446 4141 516 4190 νίκης.
1041 4130 1052 4155 ⁴
1063 4131 1158 4180 Schcl.:
1170 4135 1232 4188 λύσις
1244 4133 1268 4188 ἐξ
1279 4133 1476 4197 ἐπιχειρήματος.

480 4210 593 4261 ⁹Sch01.:
606 4216 674 4280 ἑτέρα
687 4214 789 4262 διάνοια.
1042 4210 1163 4258 ⁵Infetius
1175 4212 1263 4266 ἀνέσει,
1281 4213 1386 4278 ῥαθυμίᾳ
1405 4209 1466 4265 δούς.
1487 4207 1542 4256 Μο-

481 4288 489 4312 ³
502 4290 629 4353 Euripides
644 4290 812 4350 Andromeda,
828 4291 858 4337 35
870 4308 876 4336 ι
889 4297 928 4344 Μὴ
941 4296 979 4337 τὸν
1008 4287 1063 4335 dunt
1077 4287 1174 4336 dicendi
1184 4289 1275 4337 διδόναι
1286 4288 1380 4337 scilicet
1390 4291 1473 4338 ἑαυτὸν
1486 4290 1543 4338 ἀνί-

447 4369 500 4428 ἑμὸν
526 4370 582 4416 οἴκει
603 4375 661 4417 νοῦν·
688 4371 731 4432 ἐγὼ
756 4376 801 4433 γὰρ
823 4371 920 4435 ἀρκέσω.
944 4366 980 4415 lbi
1007 4364 1413 4437 σει,τρυρῇ,ῦπνῳ,ἡδονῇ.τ.λ,
1428 4368 1496 4431 attigi
1511 4366 1542 4416 ad

448 4444 561 4494 Matthiae.
585 4445 718 4494 Vernacule
741 4447 843 4496 dicimus
869 4466 879 4489 ν
899 4456 980 4494 entrei·
1009 4443 1283 4508 Anecd.Gi.t.ttt,p.
1303 4444 1542 4503 199,adBabrium‚
