3684 5659
444 604 516 674 264
894 609 1083 669 ΙΕΡΟΚΔΗΣ

492 738 534 829 β’.
561 738 781 832 spoleatum*
806 739 965 828 uolopssdsv
987 744 1072 833 παρὰ
1099 743 1204 832 μικρὸν
1225 739 1361 832 e'rtut'yu'·
1384 748 1484 830 ὤμοσε
1502 739 1534 807 δὲ

445 861 487 932 εἰς
506 851 587 945 ὕδωρ
605 855 646 940 μὴ
666 852 815 936 εἰςελθεῖν,
834 851 886 916 ἐὰν
905 853 946 938 μὴ
964 854 1046 940 μάθῃ
1063 860 1178 944 πρῶτον
1195 848 1313 928 καλῶς8
1328 852 1497 940 κολυμὸᾆν.

493 1013 532 1113 y'.
559 1021 759 1109 Σχολαστικῷ
785 1043 830 1093 τις
858 1013 969 1108 ἰατρῷ*
992 1017 1159 1109 προςελθὼν
1178 1014 1276 1083 εἶπεν·
1297 1043 1314 1076 «
1336 1003 1440 1111 Ῐατρὲ,
1465 1021 1534 1087 ὅταν

443 1137 566 1199 ἀναστῶ
581 1132 614 1197 ἐκ
631 1135 683 1195 τοῦ
702 1126 812 1213 ὕπνου,
831 1129 974 1220 ἡμιώριον
990 1127 1180 1216 ἐσκότωμαι,
1199 1131 1252 1193 καὶ
1268 1126 1324 1195 εἷθ’
1341 1127 1439 1207 οὕτως
1456 1135 1534 1198 ἀπο-

442 1246 632 1329 καθίσταμαι
649 1269 676 1305 ν.
692 1241 750 1305 Καὶ
772 1239 787 1302 ὁ
806 1238 924 1329 ἱατρός·
946 1238 1060 1301 «Μετὰ
1076 1239 1111 1302 τὸ
1129 1240 1272 1330 sipia-'spus
1288 1240 1451 1334 ἐγείρου».

493 1398 534 1472 d'.
556 1400 783 1495 Σχολαστικοῦ“
803 1403 891 1466 ἵππον
906 1404 1144 1492 πιπράσκοντας,
1163 1403 1301 1494 ἠρώτησέ
1316 1427 1361 1480 τις
1379 1408 1404 1469 εἰ
1420 1431 1535 1496 πρωτο-

444 1518 531 1592 toton
548 1517 623 1581 ἐστι’.
645 1520 703 1580 Τοῦ
722 1510 755 1579 δὲ
778 1514 911 1586 εἰπόντος
926 1508 1160 1603 Ιδεντεροὸόὶνσνὃ
1185 1509 1280 1592 εἶναι,
1302 1509 1365 1579 εἷπε
1391 1521 1530 1594 «Πῶςνς

443 1770 610 1835 respondisset
630 1767 730 1833 pistori,
747 1776 815 1817 reete
832 1762 977 1828 respondis·
1004 1763 1073 1813 llano
1086 1767 1198 1831 syntaxiu
1209 1777 1314 1818 uasere
1323 1768 1424 1819 memini
1438 1769 1470 1819 de
1481 1783 1533 1818 ver·

444 1861 516 1899 set».
611 1842 615 1847 ’
1002 1840 1041 1891 bis
1058 1844 1172 1906 ἐλπίζειν,
1185 1849 1295 1906 κελεύειν,
1310 1846 1363 1896 aliis
1379 1846 1412 1896 ad
1424 1847 1533 1897 Aristeu.

479 1928 487 1954 ¹
501 1927 545 1977 Est
560 1927 585 1976 in
602 1925 633 1976 Μ.
647 1934 672 1974 et
694 1923 765 1972 Pout.
786 1923 816 1982 ἲς
830 1922 855 1972 iu
869 1920 927 1971 edd.
952 1931 977 1970 et
1003 1937 1030 1984 p.
1043 1923 1106 1983 496,
1118 1923 1149 1972 ad
1163 1923 1257 1974 hneed.
1275 1923 1319 1974 Gr.
1340 1935 1360 1976 t.
1376 1924 1420 1988 lV,
1436 1941 1464 1990 p.
1478 1926 1531 1975 26'l.

445 2005 542 2057 llhoerio
557 2007 578 2054 1.
590 2003 699 2053 Imitatus
713 2011 751 2050 est
763 1999 860 2050 lloneta
874 2000 912 2063 (iu
925 1999 976 2049 lle-
1004 1999 1083 2064 Ipsius
1103 2002 1170 2052 verbi
1192 2003 1288 2068 ὀμνύναι
1308 2003 1423 2069 exempla
1439 2002 1535 2053 exhibet

444 2083 569 2149 nogionis,
586 2092 605 2132 t.
620 2082 648 2141 l,
661 2097 688 2146 p.
711 2081 771 2138 tte,
786 2078 824 2128 vel
840 2077 903 2144 Opp.
916 2088 934 2127 t.
948 2078 975 2139 l,
1005 2078 1112 2130 Lobeek.
1133 2081 1245 2147 Parergis
1264 2081 1413 2148 Phrynichi',
1432 2098 1461 2147 p.
1475 2082 1532 2140 tot,

443 2180 469 2229 p.
490 2162 546 2225 408)
564 2159 672 2210 versibus
690 2158 758 2208 hisee
777 2173 826 2207 noo
847 2157 974 2222 illepidis:
1003 2173 1051 2221 qua
1067 2159 1099 2208 de
1112 2176 1139 2208 re
1152 2169 1203 2211 tota
1218 2161 1307 2210 multus
1322 2170 1361 2210 est
1377 2171 1402 2212 et
1415 2160 1534 2227 egregius.

446 2240 530 2289 ull'un
545 2238 586 2304 qui
600 2252 675 2302 pensa
688 2252 715 2286 se
733 2251 856 2302 noyer-
865 2235 901 2284 hu
915 2235 977 2284 mois
1003 2235 1175 2298 Aristaenetus,
1196 2240 1226 2299 2,
1244 2239 1273 2286 16
1284 2259 1291 2287 a
1303 2241 1476 2304 inopunapira
1495 2247 1535 2298 τὴν

444 2319 475 2368 de
491 2317 559 2382 juin,
579 2331 605 2365 se
626 2315 741 2379 baignant
760 2314 821 2363 dans
843 2314 867 2364 la
885 2313 974 2372 Seiae,
1004 2313 1090 2364 ἄτοπον
1100 2318 1189 2372 ταύτην
1201 2317 1311 2367 διαλῦσαι
1321 2323 1411 2387 φιλίαν.
1422 2318 1535 2370 Theocri-

444 2396 541 2446 Certain
553 2392 652 2445 hadaud
661 2409 677 2458 y
686 2390 768 2442 tomba
777 2391 838 2441 dans
847 2408 879 2442 un
891 2407 975 2442 croux.
1004 2400 1042 2440 tus
1055 2391 1091 2442 ld.
1105 2394 1147 2453 st,
1163 2395 1193 2442 3l
1206 2413 1212 2442 :
1224 2391 1310 2459 ὀμννι
1323 2405 1369 2461 μή,
1379 2402 1445 2461 μετὰ
1454 2401 1534 2463 torpa

444 2475 566 2540 Quelques
576 2488 679 2538 nageurs
687 2487 714 2520 se
725 2472 892 2522 donnerentla
903 2471 976 2537 peine
1003 2473 1076 2519 λιπὼν
1086 2471 1196 2520 ἀέκουσαν
1210 2474 1324 2531 damino.
1336 2473 1396 2536 Qus
1405 2474 1482 2526 lectio
1489 2473 1535 2525 loci

444 2554 480 2603 lle
496 2553 545 2602 l’en
564 2553 636 2611 tirer;
648 2550 703 2599 o’eu
715 2550 776 2600 etoit
789 2550 832 2600 fait
847 2566 904 2599 sans
917 2566 974 2599 eux.
1003 2547 1070 2596 dubii
1083 2550 1176 2613 optima
1187 2561 1233 2599 est.

445 2633 519 2682 Eutre
538 2632 603 2681 leurs
618 2629 675 2679 bras
694 2629 765 2694 porte
785 2645 826 2678 sur
843 2629 867 2677 le
880 2629 975 2691 rivage,
1038 2625 1150 2676 ‘inserui
1159 2632 1233 2687 καλῶς
1244 2645 1274 2678 ex
1283 2629 1315 2679 Μ.
1326 2628 1471 2680 Pontanus:
1485 2649 1498 2675 a
1512 2630 1535 2679 ui

444 2711 464 2761 ll
476 2711 577 2775 rappela
591 2725 630 2758 ses
644 2709 732 2772 esprits
743 2709 890 2757 doucement
898 2706 978 2761 ..Tant
1003 2704 1071 2768 prius
1080 2704 1144 2756 hene
1155 2717 1240 2757 natare
1251 2707 1379 2758 didicisset
1388 2727 1412 2758 ν.

443 2789 498 2854 qu’a
507 2789 530 2837 la
541 2789 584 2845 fin,
596 2786 754 2852 ayantrepris
765 2801 880 2849 courage,
891 2785 977 2855 «Beau
1038 2783 1142 2834 ‘Graeoe
1155 2784 1247 2834 inedita
1260 2787 1399 2837 historiola.
1410 2786 1456 2837 Est
1468 2784 1536 2836 tertia

444 2868 492 2915 sire
511 2867 582 2923 hieu,
598 2864 695 2913 cria-til
714 2864 867 2915 hautement.
886 2863 977 2912 Deme
1004 2861 1028 2909 in
1043 2862 1066 2909 Μ
1092 2874 1117 2912 et
1135 2863 1255 2912 Pontano.
1274 2864 1312 2923 Μ,
1330 2866 1484 2928 σχολαστικὸς
1502 2884 1536 2920 τις

444 2944 545 3006 baigner
561 2943 579 2990 si
599 2942 731 2991 desormais
747 2941 834 2989 l’envie
851 2941 890 2989 Me
905 2958 977 2989 reve·
1006 2944 1088 3008 ἰατρῷ.
1103 2941 1179 3002 Quam
1190 2943 1338 3006 scripturam
1360 2942 1387 2992 P.
1409 2943 1535 2992 convertit.

445 3021 612 3084 noit‚dnignez
621 3020 814 3082 meluohanger;
824 3019 977 3083 anuedans
1004 3018 1068 3067 lnlra
1079 3019 1102 3067 in
1113 3019 1168 3067 cod.
1179 3020 1214 3078 h,
1226 3020 1290 3068 inter
1300 3019 1333 3085 §§
1343 3020 1403 3069 mihi
1413 3018 1463 3087 pot‘
1473 3018 1534 3090 ρκ’,

444 3100 509 3150 l’eau
522 3099 650 3148 n'entrerai
661 3098 692 3146 de
704 3113 743 3147 um
760 3098 809 3152 vie,
824 3096 977 3162 Qu'aupara-
1005 3095 1087 3145 haecco
1114 3108 1152 3145 est
1173 3097 1298 3147 historiola
1315 3118 1321 3146 :
1337 3105 1440 3166 Κυμαίῳ
1464 3103 1535 3167 ἰατρῷ

445 3190 502 3227 vent
516 3179 541 3243 je
552 3195 582 3227 ne
595 3178 668 3227 sache
679 3191 752 3240 unger
764 3194 785 3224 ν.
1004 3180 1155 3238 σχολαστικὸς
1167 3181 1304 3244 reposcimus,
1317 3177 1379 3227 εἷπε·
1397 3197 1410 3223 a
1420 3184 1533 3248 Σοφιστά,

478 3256 579 3314 ’Edd.‚
607 3259 721 3320 >talephum
755 3259 901 3323 βουλόμενος.
932 3256 976 3313 M„
1003 3253 1059 3303 ὅταν
1075 3257 1099 3303 ἐκ
1113 3261 1154 3304 τοῦ
1170 3253 1241 3306 ὕπνου
1251 3258 1414 3317 ἀναστῶ,ἰπὶ
1426 3264 1535 3326 ἡμιώριον

446 3336 548 3397 ἐπνίγει,
560 3334 701 3398 permutatis
719 3332 749 3381 de
770 3348 837 3381 more
853 3333 976 3382 vocalibus
1004 3333 1131 3382 διΰπνισσν.
1145 3333 1218 3382 Notat
1231 3342 1311 3391 Μηνᾶς
1325 3349 1380 3383 este
1390 3335 1501 3385 mutilam
1513 3345 1536 3384 el

445 3435 459 3468 η
472 3433 501 3460 ει.
1004 3410 1035 3459 ad
1047 3422 1190 3474 praesentem
1202 3411 1330 3477 §remittit
1342 3413 1472 3463 lectorem.

480 3490 489 3516 ³
503 3491 576 3549 Edd.‚
590 3493 665 3554 ὤμοσε
676 3487 713 3540 οὖν
723 3500 756 3556 μὴ
768 3494 872 3556 ἅψασθαι
882 3489 976 3549 ὕδατος,
1038 3488 1047 3514 ⁶
1059 3490 1102 3538 Est
1112 3490 1173 3539 Edd.
1190 3500 1215 3540 el
1224 3491 1270 3541 Rh.
1283 3493 1312 3549 23
1322 3491 1346 3540 Μ
1356 3503 1382 3541 et
1390 3492 1419 3541 P.
1433 3493 1457 3540 l.
1467 3491 1535 3541 Conl.

443 3582 547 3633 exoepta
561 3568 696 3632 Corayana,
707 3569 730 3616 in
741 3571 910 3633 quotidianum,
921 3585 977 3618 eor·
1005 3568 1089 3617 similis
1102 3567 1228 3619 historiola
1240 3569 1256 3634 ᾗ
1269 3567 1327 3637 pva'.

445 3647 541 3710 rigente
550 3648 600 3694 viro
610 3647 648 3705 d.,
660 3647 724 3711 quod
739 3650 814 3710 ὤμοσε
828 3656 861 3712 μὴ
873 3650 977 3711 ἅψασθαι
1038 3645 1047 3670 ⁷
1058 3647 1095 3707 Μ,
1110 3650 1193 3698 ἵππον·
1209 3648 1269 3706 ΑΜ,
1282 3653 1431 3715 πρωτόὸσλός
1444 3660 1470 3698 et
1483 3650 1536 3700 δεν-

443 3724 564 3786 significet
585 3723 694 3787 «juravit
715 3741 763 3774 non
783 3727 976 3789 tetigissem»,
1003 3729 1132 3791 repo'doloa.
1153 3725 1246 3791 Sequor
1271 3727 1335 3776 Edd.
1357 3729 1385 3777 lu
1411 3729 1537 3779 historiola

445 3816 494 3849 non
505 3811 584 3849 autem
598 3819 609 3843 r
619 3800 706 3864 juravit
719 3818 745 3851 se
759 3819 807 3852 uon
822 3815 941 3853 tacturum
953 3823 975 3853 ν.
1003 3799 1062 3870 pud,
1073 3820 1127 3868 quae
1137 3804 1222 3853 similis
1234 3815 1284 3865 est,
1297 3807 1460 3876 δευτερόὸολνς
1470 3807 1537 3856 exhi·

444 3877 494 3926 Sed
509 3877 549 3926 illa
563 3878 649 3943 Curayi
661 3880 743 3944 opinio
759 3882 909 3944 probabilior
923 3900 977 3933 esso
1003 3881 1046 3930 bet
1066 3882 1191 3931 codem-
1202 3902 1213 3927 ν
1226 3883 1278 3934 lloo
1296 3896 1346 3944 est,
1367 3901 1427 3936 num
1448 3887 1537 3952 primos

444 3956 541 4006 videtur
560 3973 631 4022 quam
650 3959 737 4007 verior.
753 3959 844 4009 Firmat
860 3963 975 4012 aoristum
1005 3959 1091 4008 denies
1107 3962 1241 4019 emilletelt
1255 3968 1322 4032 βόλος
1334 3963 1401 4014 enlm
1415 3963 1537 4016 Aristoteli

444 4038 562 4100 ἅψασθαι,
576 4038 678 4087 aoristus
687 4037 800 4088 codicum
812 4041 831 4088 Α
841 4078 847 4098 ,
857 4040 892 4097 Μ,
904 4058 976 4106 quem
1004 4035 1044 4100 [Η.
1058 4038 1087 4087 Α.
1101 4039 1130 4100 6,
1141 4041 1187 4099 22,
1202 4057 1227 4105 p.
1241 4042 1287 4090 394
1301 4042 1369 4092 Cam.
1384 4054 1410 4093 et
1420 4043 1489 4109 alibi]
1503 4053 1539 4092 ost

442 4124 567 4176 repertum
582 4130 595 4163 a
613 4130 640 4163 se
654 4116 761 4182 Corayus
778 4117 878 4168 sortasse
895 4131 978 4168 muta·
1004 4116 1105 4166 dentitio
1118 4135 1140 4166 s.
1155 4118 1231 4168 Pons.
1247 4119 1351 4170 Erravit.
1365 4121 1390 4170 si
1402 4122 1538 4173 Aristotelis

445 4191 518 4240 visset
533 4193 557 4240 in
577 4196 911 4259 si52lsoossiai,teinere‚ni
928 4199 977 4247 fal·
1005 4212 1053 4244 uon
1077 4197 1240 4259 meminisset,
1262 4211 1373 4249 correcto
1403 4206 1537 4258 amitteret,

444 4267 491 4315 lor.
504 4268 599 4319 Etenim
613 4274 745 4337 sepissime
757 4275 834 4327 Graeci
845 4278 977 4340 scriptores
1006 4277 1064 4325 nihil
1083 4288 1135 4326 erat
1151 4278 1393 4343 reprehendendum-
1411 4280 1461 4330 Sed
1473 4284 1537 4350 βόλος

443 4354 469 4391 et
491 4349 577 4396 vetusti
598 4360 622 4397 et
643 4354 727 4416 optimi
754 4355 843 4404 aoristo
867 4365 977 4415 utuntur,
1004 4356 1537 4423 nonest‚quodputavit‚deutiumegingi-

442 4425 563 4473 sententia
586 4426 691 4478 futurum
712 4441 806 4495 tempus
828 4433 973 4497 postulante.
1003 4449 1086 4483 varum
1099 4435 1199 4486 alveolis
1211 4437 1322 4497 emissio,
1336 4437 1384 4486 imo
1403 4447 1440 4486 est
1454 4436 1535 4501 prola·
