3684 5659
445 588 492 658 68
786 594 818 651 Γ.
847 594 919 654 ΤΟΥ
946 591 1203 652 ΠΑΧΥΜΕΡΟΥΣ

445 729 627 820 καταχυώση
650 732 702 791 τοῦ
723 725 776 814 μἐν
798 729 955 818 ἁρπαγήν,
976 731 1029 789 τοῦ
1052 721 1082 788 δ’
1101 729 1218 795 ἀπάτην
1235 726 1308 816 πρὸς
1323 727 1373 790 τὸν
1393 726 1538 811 πλησίον,

446 840 490 905 ὅτι
513 839 598 905 ταῦτ’
623 835 772 930 ἔπραξαν;
797 838 815 908 ή
841 833 949 912 δώσεις
973 839 1024 901 καί
1046 846 1113 911 ταῖς
1135 833 1284 911 διανοίαις
1307 836 1427 903 ἐκείνων
1450 839 1541 930 λόγου

445 954 533 1035 τινά,
565 953 616 1016 καί
652 950 685 1014 ού
717 949 808 1036 ψιλὰς
844 950 899 1023 τάς
926 944 1048 1038 πράξεις
1076 950 1233 1030 κακίσεις,
1266 950 1318 1011 καί
1346 959 1542 1040 κατακρινεῖς

446 1062 516 1137 τούς
533 1062 692 1153 λέγοντας;
717 1041 789 1151 Ιῦχὼ
808 1059 859 1147 μὲν
879 1057 983 1146 οἶμαι·
1006 1062 1031 1123 εἰ
1049 1054 1175 1134 δικαίως
1192 1062 1286 1149 κρίνοι
1303 1085 1365 1143 τις,
1386 1062 1440 1131 τήν
1457 1062 1539 1151 γνώ·

447 1198 504 1260 μην
521 1169 702 1248 ἀποδέξεται
720 1173 832 1259 μᾶλλον
850 1172 868 1242 ἢ
887 1173 940 1241 τήν
955 1167 1062 1260 πρᾶξιν
1081 1181 1268 1261 κατακρινεῖ.

496 1286 531 1347 Τί
549 1289 620 1374 χοῦν
644 1285 700 1348 κάν
723 1293 786 1358 τοῖς
812 1287 963 1372 παροῦσι,
989 1277 1112 1345 διίστὼν
1129 1290 1182 1357 τῆς
1199 1282 1319 1371 γνώμης
1337 1283 1389 1352 τήν
1408 1280 1537 1374 πρᾶξιν,

446 1396 603 1477 κακίζεις,
630 1397 681 1458 καί
707 1394 829 1464 πολίτην
854 1394 953 1456 εὔνουν
979 1400 1015 1478 τῇ
1041 1392 1145 1474 πόλει,
1173 1394 1224 1457 καί
1251 1395 1389 1477 νικητήν,
1416 1389 1541 1466 δύςνουν

447 1502 606 1581 ἀποδεῖξαι
621 1500 804 1580 σπουδάζεις
817 1506 932 1590 μάτην,
951 1485 1002 1566 καί
1021 1503 1073 1572 τήν
1091 1505 1174 1573 νίκην
1190 1501 1343 1592 φαυλίζεις
1360 1504 1401 1578 ὡς
1420 1499 1556 1582 οὐδενὸς·
1575 1492 1583 1509 ’

448 1614 553 1700 ἀξίαν,
581 1616 646 1700 ὅτι,
672 1615 843 1702 συμθάντος
866 1616 919 1677 καί
944 1638 1023 1687 τινος
1047 1609 1076 1687 ε”ξ
1100 1614 1237 1702 ἀνάγκης
1261 1621 1318 1677 τῶν
1344 1613 1539 1698 ἀθουλήτων,

448 1752 590 1818 χεχονεν;
678 1798 682 1803 ,

497 1819 570 1928 Ιῦχὼ
597 1837 649 1925 μὲν
669 1838 773 1909 ἤθελον
799 1839 850 1901 καί
877 1838 933 1911 τάς
957 1841 1030 1910 ναῦς
1053 1836 1204 1911 σώζεσθαι
1227 1845 1263 1924 τῇ
1284 1836 1385 1900 πόλει·
1410 1841 1463 1903 καί
1487 1840 1541 1909 τήν

448 1951 530 2019 νίκην
549 1949 721 2035 συμθήναι,
737 1951 788 2013 καί
803 1944 954 2035 μηδεμίαν
970 1951 1049 2034 ἔχειν
1064 1945 1158 2016 λαὸἠν
1174 1949 1223 2011 τὸν
1237 1945 1343 2038 ἐχθρὸν
1360 1947 1432 2012 κατ’
1445 1948 1537 2036 ἐμοῦ·

449 2061 500 2123 καί
524 2059 607 2123 τοῦτ’
632 2055 667 2128 ήν
689 2085 739 2146 μοι
763 2054 897 2141 σπουδή,
924 2061 975 2122 καί
1001 2056 1082 2122 τοῦτ’
1103 2058 1191 2146 εῦχή.
1212 2057 1289 2150 Παρ’
1307 2061 1343 2130 ήν
1365 2062 1468 2125 αἰτίαν
1487 2065 1539 2127 καί

449 2167 565 2262 βραδύς
590 2170 698 2262 ἐφάνην
720 2172 793 2262 πρὸς
815 2171 867 2240 τήν
889 2174 992 2258 μάχην
1014 2170 1086 2260 ἐγώ.
1112 2170 1212 2245 Φύθος
1236 2172 1295 2260 γάρ
1318 2166 1355 2241 ήν
1375 2197 1425 2258 μοι
1444 2169 1542 2248 δεινὸς

449 2285 500 2347 καὶ
524 2284 635 2354 ήκιστα
659 2283 802 2373 φορητός,
828 2281 886 2369 ούχ
909 2281 972 2364 ὅτι,
996 2282 1053 2346 κάν
1077 2283 1208 2363 νικήσω,
1234 2284 1417 2372 κριθήσομαι
1444 2288 1538 2366 ἴσως,

449 2396 500 2458 καί
525 2395 543 2464 ή
567 2401 619 2468 τής
642 2396 726 2469 νίκης
751 2395 836 2484 χαρά
861 2396 1071 2464 νοθευθήσεται
1098 2385 1206 2479 (τοῦτο
1231 2394 1290 2484 χάρ
1316 2388 1382 2456 οὐδ’
1408 2397 1450 2470 εἰς
1473 2400 1542 2460 νοῦν

450 2505 572 2576 ἐπῆλθεν
593 2499 696 2594 ἐμοί),
723 2504 790 2569 ἀλλ’
809 2504 853 2569 ὅτι
875 2507 1015 2591 μήπως,
1035 2506 1104 2594 πυρὶ
1123 2499 1194 2578 δοῦς
1209 2504 1265 2578 τάς
1281 2509 1354 2579 ναῦς
1371 2502 1470 2570 ἐλπίδι
1488 2515 1541 2581 τής

448 2620 550 2701 νίκης,
570 2616 714 2704 ἀποτύχω
733 2619 784 2681 καί
804 2615 929 2690 ταύτης.
949 2618 1006 2679 Καὶ
1031 2617 1059 2678 τί
1081 2615 1118 2678 διν
1140 2625 1203 2690 τοῖς
1223 2616 1359 2690 πολίταις
1380 2616 1540 2707 ἀπολογή-

449 2726 580 2815 σωμαιι,
599 2731 642 2811 εἰ,
662 2724 728 2791 δέον
742 2729 793 2791 καί
809 2729 863 2801 τάς
876 2731 949 2800 ναῦς
963 2727 1087 2808 σώζειν,
1106 2727 1179 2816 πρὸς
1191 2724 1307 2801 τούτοις
1324 2723 1423 2791 δὲκαὶ
1438 2737 1537 2812 νικᾷν,

450 2839 510 2928 ἐγὼ
528 2834 561 2901 δὲ
579 2841 630 2902 καὶ
651 2840 760 2923 ζημίαν
778 2834 877 2913 ἐπάξαι
894 2846 931 2925 τῇ
946 2837 1050 2921 πόλει,
1070 2839 1121 2902 καί
1140 2839 1347 2924 ήττηθήσομαι
1367 2838 1457 2902 πάλιν
1474 2865 1539 2926 μα-

450 2950 594 3036 χόμενος;
615 2939 710 3021 Οῦτος
725 2949 740 3011 ὁ
755 2946 899 3038 λογισμὸς
913 2948 1004 3012 ἐποίει
1023 2974 1058 3034 με
1076 2949 1209 3040 τρέμειν·
1231 2939 1315 3022 οῦτος
1332 2950 1451 3037 νωχελῆ
1467 2952 1540 3041 πρὸς

450 3061 502 3130 τήν
521 3056 628 3150 πρᾶξιν
647 3055 776 3123 ἐδείκνυ.
798 3062 856 3123 Καί
878 3065 959 3149 είιτερ
984 3056 1065 3148 εἶχον
1088 3060 1186 3134 άλλως
1202 3062 1241 3122 τά
1258 3065 1309 3123 τοῦ
1331 3060 1463 3146 πολέμου
1482 3086 1539 3149 με·

450 3173 695 3260 ταχειρίζεσθαι,
715 3169 769 3234 οῦκ
787 3171 822 3233 ἀν
840 3174 881 3245 είς
899 3169 990 3234 κύθον
1007 3177 1139 3235 τοιοῦτον
1157 3171 1310 3261 ἐρρίπτουν
1326 3174 1423 3257 τάμά.
1472 3180 1475 3185 ’

500 3261 571 3344 Επεὶ
597 3276 626 3344 δ’
644 3281 743 3355 άλλως
761 3281 815 3344 οῦκ
833 3277 868 3351 ήν
890 3283 1030 3371 πράττειν
1051 3281 1123 3368 (καὶ
1144 3290 1300 3363 σκοπεῖτε,
1321 3276 1538 3371 παρακαλὼί),

449 3395 538 3479 μόνην
564 3394 616 3463 τήν
641 3391 741 3479 Τύχην
760 3396 922 3485 προστάτιν
945 3397 1107 3478 ποιοῦμαι,
1128 3394 1199 3474 καί,
1220 3393 1367 3482 παραθεὶς
1389 3393 1442 3461 τήν
1468 3391 1540 3479 ἐμήν

449 3504 566 3593 ψυχήν,
598 3501 645 3590 (τί
667 3507 726 3595 γάρ
750 3503 823 3568 άλλο
848 3507 899 3569 καί
927 3495 1080 3591 ε’ίποιμι;)
1106 3502 1247 3592 ἐπιχειρῶ
1264 3503 1341 3588 μετὰ
1363 3511 1415 3577 τῆς
1437 3503 1540 3591 Τύχης

448 3624 484 3701 τῇ
511 3612 629 3706 πράξει.
656 3619 732 3680 Καί·
758 3641 773 3673 ι(
797 3619 832 3679 Εἰ
858 3613 910 3701 μὲν
936 3617 1101 3695 νικήσων,
1134 3612 1229 3702 λέγω,
1257 3618 1364 3687 «ναῦς
1396 3618 1540 3685 συστήσω

448 3730 500 3790 καί
535 3729 714 3790 συσκευάσω
750 3729 801 3791 καί
834 3726 953 3800 πλείους
982 3728 1033 3789 καί
1061 3727 1181 3811 μείζους
1210 3723 1324 3788 αὐτῶν·
1356 3727 1380 3788 εἰ
1409 3721 1439 3788 δ’
1469 3719 1537 3809 οῦν,

449 3836 516 3902 ἀλλ’
534 3836 552 3906 ή
570 3842 719 3923 πεσοῦμαι
739 3839 757 3907 ή
777 3840 827 3901 καί
846 3839 901 3911 τάς
930 3846 1037 3927 χεῖρας
1060 3843 1134 3910 ἰ’σως
1155 3834 1272 3925 ε’κρύχω
1294 3843 1352 3899 τῶν
1374 3836 1537 3922 πολεμίων.

449 3950 506 4013 Καὶ
533 3949 618 4027 τότε,
647 3951 671 4012 εί
700 3946 751 4035 μὲν
778 3949 1004 4038 συχχνώσονται
1031 3948 1058 4012 οἱ
1084 3955 1137 4021 τῆς
1161 3945 1274 4021 πόλεως
1297 3947 1370 4036 πρὸς
1398 3947 1449 4011 τὸν
1470 3947 1541 4035 ἐμὸν

450 4057 606 4135 ἀπιδόντες
631 4063 758 4124 σκοπόν·
787 4063 811 4124 εί
838 4055 871 4123 δὲ
889 4056 960 4147 μήθ,
979 4062 1055 4148 μετά
1073 4067 1174 4150 χαράς
1198 4053 1323 4144 δέξομαι
1345 4059 1397 4127 τήν
1420 4058 1539 4123 ἐκείνοιν

481 4267 487 4292 ⁴
503 4269 595 4326 Codex,
607 4285 620 4317 ο
631 4270 792 4319 correctione.
803 4270 880 4328 Prius,
890 4272 981 4319 ἀπολο-
1041 4268 1050 4293 ²
1063 4269 1096 4317 Dc
1111 4269 1212 4317 formula
1225 4270 1354 4333 παρακαλῶ
1365 4281 1390 4329 p.
1403 4267 1443 4314 80.

448 4347 702 4410 χηοομαι,ιμιοιίσιιιη
714 4350 741 4399 ἄν
751 4348 830 4413 potuit
841 4345 981 4397 scribi.Sed
1041 4345 1099 4394 ’Ἶλε
1122 4346 1167 4395 λκιο
1191 4345 1269 4410 ellipsi
1290 4345 1343 4392 vide
1361 4344 1434 4425 ‘quod
1458 4347 1539 4393 monui

448 4425 515 4487 parui
527 4425 725 4474 correctionifflf.
736 4428 779 4474 An,
789 4443 841 4474 mea
851 4427 877 4474 N,
887 4442 911 4488 ρ,
925 4428 978 4472 116.
1010 4443 1033 4488 ρ.
1054 4426 1095 4480 19,
1110 4443 1132 4472 ιι,
1149 4429 1172 4472 ιἰ.
