<?xml version="1.0" encoding="UTF-8"?>
<!DOCTYPE html PUBLIC "-//W3C//DTD XHTML 1.0 Transitional//EN"
    "http://www.w3.org/TR/xhtml1/DTD/xhtml1-transitional.dtd">
<html xmlns="http://www.w3.org/1999/xhtml" xml:lang="en" lang="en">
 <head>
  <title>
</title>
<meta http-equiv="Content-Type" content="text/html;charset=utf-8" />
  <meta name='ocr-system' content='tesseract 3.04.00' />
  <meta name='ocr-capabilities' content='ocr_page ocr_carea ocr_par ocr_line ocrx_word'/>
</head>
<body>
  <div class='ocr_page' id='page_1' title='image "./gpachymerisdecl00hiergoog_0073.png"; bbox 0 0 3684 5659; ppageno 0'>
   <div class='ocr_carea' id='block_1_1' title="bbox 741 611 1403 689">
    <p class='ocr_par' dir='ltr' id='par_1_1' title="bbox 741 611 1403 689">
     <span class='ocr_line' id='line_1_1' title="bbox 741 611 1403 689; baseline 0.008 -5"><span class='ocrx_word' id='word_1_1' title='bbox 741 622 898 685; x_wconf 86' lang='grc' dir='ltr'>ΜΕΛΕΤΗ</span> <span class='ocrx_word' id='word_1_2' title='bbox 924 611 969 683; x_wconf 78' lang='lat' dir='ltr'>F&#39;.</span> <span class='ocrx_word' id='word_1_3' title='bbox 1356 619 1403 689; x_wconf 75' lang='grc'>49</span> 
     </span>
    </p>
   </div>
   <div class='ocr_carea' id='block_1_2' title="bbox 306 753 1405 848">
    <p class='ocr_par' dir='ltr' id='par_1_2' title="bbox 306 753 1405 848">
     <span class='ocr_line' id='line_1_2' title="bbox 306 753 1405 848; baseline 0.003 -25"><span class='ocrx_word' id='word_1_4' title='bbox 306 758 402 824; x_wconf 82' lang='grc' dir='ltr'>αὐτοῦ</span> <span class='ocrx_word' id='word_1_5' title='bbox 416 758 561 841; x_wconf 80' lang='grc' dir='ltr'>θανάτου,</span> <span class='ocrx_word' id='word_1_6' title='bbox 578 759 629 821; x_wconf 89' lang='grc' dir='ltr'>καί</span> <span class='ocrx_word' id='word_1_7' title='bbox 647 753 828 848; x_wconf 76' lang='grc' dir='ltr'>προδοσίας,</span> <span class='ocrx_word' id='word_1_8' title='bbox 844 759 896 822; x_wconf 88' lang='grc' dir='ltr'>καὶ</span> <span class='ocrx_word' id='word_1_9' title='bbox 914 756 1103 848; x_wconf 84' lang='grc' dir='ltr'>πολιορκίας,</span> <span class='ocrx_word' id='word_1_10' title='bbox 1114 759 1166 822; x_wconf 89' lang='grc' dir='ltr'>καί</span> <span class='ocrx_word' id='word_1_11' title='bbox 1176 767 1252 830; x_wconf 82' lang='grc' dir='ltr'>νηῶν</span> <span class='ocrx_word' id='word_1_12' title='bbox 1266 757 1405 826; x_wconf 81' lang='grc' dir='ltr'>καταιλύ-</span> 
     </span>
    </p>
   </div>
   <div class='ocr_carea' id='block_1_3' title="bbox 306 848 1403 960">
    <p class='ocr_par' dir='ltr' id='par_1_3' title="bbox 306 848 1403 960">
     <span class='ocr_line' id='line_1_3' title="bbox 306 848 1403 960; baseline 0.004 -26"><span class='ocrx_word' id='word_1_13' title='bbox 306 893 397 945; x_wconf 86' lang='grc' dir='ltr'>σεως.</span> <span class='ocrx_word' id='word_1_14' title='bbox 416 848 490 936; x_wconf 60' lang='grc' dir='ltr'>ἀλλ’</span> <span class='ocrx_word' id='word_1_15' title='bbox 505 871 530 932; x_wconf 90' lang='grc' dir='ltr'>εἰ</span> <span class='ocrx_word' id='word_1_16' title='bbox 550 873 646 933; x_wconf 84' lang='grc' dir='ltr'>αἰτιον</span> <span class='ocrx_word' id='word_1_17' title='bbox 667 867 712 932; x_wconf 83' lang='grc' dir='ltr'>έπί</span> <span class='ocrx_word' id='word_1_18' title='bbox 736 867 852 943; x_wconf 79' lang='grc' dir='ltr'>τούτοις</span> <span class='ocrx_word' id='word_1_19' title='bbox 875 870 985 959; x_wconf 86' lang='grc' dir='ltr'>κρίνεις</span> <span class='ocrx_word' id='word_1_20' title='bbox 1006 866 1077 955; x_wconf 90' lang='grc' dir='ltr'>ε’μέ,</span> <span class='ocrx_word' id='word_1_21' title='bbox 1100 878 1179 958; x_wconf 80' lang='grc' dir='ltr'><em>κρῖνε</em></span> <span class='ocrx_word' id='word_1_22' title='bbox 1195 879 1311 960; x_wconf 81' lang='grc' dir='ltr'>πρῶτον</span> <span class='ocrx_word' id='word_1_23' title='bbox 1326 897 1403 938; x_wconf 89' lang='grc' dir='ltr'>σαυ-</span> 
     </span>
    </p>
   </div>
   <div class='ocr_carea' id='block_1_4' title="bbox 305 978 1406 2400">
    <p class='ocr_par' dir='ltr' id='par_1_4' title="bbox 305 978 1406 1731">
     <span class='ocr_line' id='line_1_4' title="bbox 305 978 1403 1068; baseline 0.002 -22"><span class='ocrx_word' id='word_1_24' title='bbox 305 981 370 1064; x_wconf 89' lang='grc' dir='ltr'>τόν,</span> <span class='ocrx_word' id='word_1_25' title='bbox 393 981 445 1044; x_wconf 82' lang='grc' dir='ltr'>καί</span> <span class='ocrx_word' id='word_1_26' title='bbox 465 979 576 1044; x_wconf 85' lang='grc' dir='ltr'>σαυτόν</span> <span class='ocrx_word' id='word_1_27' title='bbox 591 981 681 1044; x_wconf 85' lang='grc' dir='ltr'>αἰτιῶ</span> <span class='ocrx_word' id='word_1_28' title='bbox 696 986 750 1050; x_wconf 82' lang='grc' dir='ltr'>τῆς</span> <span class='ocrx_word' id='word_1_29' title='bbox 767 979 903 1068; x_wconf 83' lang='grc' dir='ltr'>ἀνάγκης</span> <span class='ocrx_word' id='word_1_30' title='bbox 926 979 977 1042; x_wconf 89' lang='grc' dir='ltr'>καί</span> <span class='ocrx_word' id='word_1_31' title='bbox 997 982 1050 1041; x_wconf 90' lang='grc' dir='ltr'>τοῦ</span> <span class='ocrx_word' id='word_1_32' title='bbox 1064 978 1163 1065; x_wconf 90' lang='grc' dir='ltr'>λιμοῦ.</span> <span class='ocrx_word' id='word_1_33' title='bbox 1180 981 1299 1046; x_wconf 82' lang='grc' dir='ltr'>Μᾶλλον</span> <span class='ocrx_word' id='word_1_34' title='bbox 1321 979 1365 1067; x_wconf 71' lang='grc' dir='ltr'>δ’,</span> <span class='ocrx_word' id='word_1_35' title='bbox 1378 987 1403 1048; x_wconf 89' lang='grc' dir='ltr'>εἰ</span> 
     </span>
     <span class='ocr_line' id='line_1_5' title="bbox 307 1084 1401 1180; baseline 0.002 -25"><span class='ocrx_word' id='word_1_36' title='bbox 307 1087 355 1157; x_wconf 78' lang='grc' dir='ltr'>δεῖ</span> <span class='ocrx_word' id='word_1_37' title='bbox 378 1085 526 1180; x_wconf 72' lang='grc' dir='ltr'>διαιρεῖν,</span> <span class='ocrx_word' id='word_1_38' title='bbox 554 1087 615 1178; x_wconf 86' lang='grc' dir='ltr'>ἐγὼ</span> <span class='ocrx_word' id='word_1_39' title='bbox 638 1084 691 1173; x_wconf 82' lang='grc' dir='ltr'>μὲν</span> <span class='ocrx_word' id='word_1_40' title='bbox 711 1091 764 1151; x_wconf 88' lang='grc' dir='ltr'>τοῦ</span> <span class='ocrx_word' id='word_1_41' title='bbox 785 1095 897 1155; x_wconf 79' lang='grc' dir='ltr'>στῆσαι</span> <span class='ocrx_word' id='word_1_42' title='bbox 926 1087 978 1156; x_wconf 76' lang='grc' dir='ltr'>τὴν</span> <span class='ocrx_word' id='word_1_43' title='bbox 1001 1089 1102 1152; x_wconf 81' lang='grc' dir='ltr'>εἰκόνα</span> <span class='ocrx_word' id='word_1_44' title='bbox 1127 1089 1238 1159; x_wconf 87' lang='grc' dir='ltr'>ταύτην</span> <span class='ocrx_word' id='word_1_45' title='bbox 1259 1094 1321 1179; x_wconf 86' lang='grc' dir='ltr'>ἔχω</span> <span class='ocrx_word' id='word_1_46' title='bbox 1349 1096 1401 1158; x_wconf 85' lang='grc' dir='ltr'>καί</span> 
     </span>
     <span class='ocr_line' id='line_1_6' title="bbox 306 1193 1405 1288; baseline 0.001 -22"><span class='ocrx_word' id='word_1_47' title='bbox 306 1202 400 1288; x_wconf 79' lang='grc' dir='ltr'>μόνον</span> <span class='ocrx_word' id='word_1_48' title='bbox 415 1200 469 1270; x_wconf 83' lang='grc' dir='ltr'>τίνν</span> <span class='ocrx_word' id='word_1_49' title='bbox 486 1200 599 1282; x_wconf 84' lang='grc' dir='ltr'>αἰτίαν,</span> <span class='ocrx_word' id='word_1_50' title='bbox 616 1196 653 1261; x_wconf 82' lang='grc' dir='ltr'>σὺ</span> <span class='ocrx_word' id='word_1_51' title='bbox 668 1193 701 1261; x_wconf 78' lang='grc' dir='ltr'>δὲ</span> <span class='ocrx_word' id='word_1_52' title='bbox 718 1202 770 1261; x_wconf 91' lang='grc' dir='ltr'>τοῦ</span> <span class='ocrx_word' id='word_1_53' title='bbox 783 1206 952 1286; x_wconf 81' lang='grc' dir='ltr'>περιπεσεῖν</span> <span class='ocrx_word' id='word_1_54' title='bbox 969 1198 1022 1266; x_wconf 80' lang='grc' dir='ltr'>τὴν</span> <span class='ocrx_word' id='word_1_55' title='bbox 1038 1197 1123 1262; x_wconf 92' lang='grc' dir='ltr'>πόλιν</span> <span class='ocrx_word' id='word_1_56' title='bbox 1139 1197 1229 1287; x_wconf 86' lang='grc' dir='ltr'>λιμῷ,</span> <span class='ocrx_word' id='word_1_57' title='bbox 1245 1208 1296 1285; x_wconf 87' lang='grc' dir='ltr'>οίν,</span> <span class='ocrx_word' id='word_1_58' title='bbox 1316 1198 1405 1279; x_wconf 76' lang='grc' dir='ltr'>εἰδὼς</span> 
     </span>
     <span class='ocr_line' id='line_1_7' title="bbox 307 1303 1405 1397; baseline -0.003 -17"><span class='ocrx_word' id='word_1_59' title='bbox 307 1313 400 1380; x_wconf 85' lang='grc' dir='ltr'>αῦτὸν</span> <span class='ocrx_word' id='word_1_60' title='bbox 413 1311 567 1397; x_wconf 80' lang='grc' dir='ltr'>ἐσόμενον,</span> <span class='ocrx_word' id='word_1_61' title='bbox 580 1305 634 1373; x_wconf 80' lang='grc' dir='ltr'>εἶτ’</span> <span class='ocrx_word' id='word_1_62' title='bbox 647 1307 797 1383; x_wconf 84' lang='grc' dir='ltr'>έσιώπας·</span> <span class='ocrx_word' id='word_1_63' title='bbox 814 1309 839 1372; x_wconf 86' lang='grc' dir='ltr'>εἰ</span> <span class='ocrx_word' id='word_1_64' title='bbox 853 1303 883 1371; x_wconf 74' lang='grc' dir='ltr'>δ’</span> <span class='ocrx_word' id='word_1_65' title='bbox 894 1306 949 1371; x_wconf 85' lang='grc' dir='ltr'>οῦκ</span> <span class='ocrx_word' id='word_1_66' title='bbox 962 1303 1047 1396; x_wconf 72' lang='grc' dir='ltr'>ᾕδεις</span> <span class='ocrx_word' id='word_1_67' title='bbox 1055 1353 1065 1386; x_wconf 90' lang='grc'>,</span> <span class='ocrx_word' id='word_1_68' title='bbox 1082 1309 1139 1373; x_wconf 90' lang='grc' dir='ltr'>κάν</span> <span class='ocrx_word' id='word_1_69' title='bbox 1152 1311 1298 1388; x_wconf 79' lang='grc' dir='ltr'>πολλάκις</span> <span class='ocrx_word' id='word_1_70' title='bbox 1312 1310 1405 1389; x_wconf 79' lang='grc' dir='ltr'>αῦξή-</span> 
     </span>
     <span class='ocr_line' id='line_1_8' title="bbox 309 1414 1406 1515; baseline 0.001 -27"><span class='ocrx_word' id='word_1_71' title='bbox 309 1449 366 1515; x_wconf 80' lang='grc' dir='ltr'>σῃς</span> <span class='ocrx_word' id='word_1_72' title='bbox 380 1423 466 1510; x_wconf 84' lang='grc' dir='ltr'>λιμόν</span> <span class='ocrx_word' id='word_1_73' title='bbox 479 1422 532 1485; x_wconf 89' lang='grc' dir='ltr'>καί</span> <span class='ocrx_word' id='word_1_74' title='bbox 546 1419 698 1511; x_wconf 74' lang='grc' dir='ltr'>ἐπιχειρῇς</span> <span class='ocrx_word' id='word_1_75' title='bbox 710 1414 808 1493; x_wconf 74' lang='grc' dir='ltr'>δεῖξαι</span> <span class='ocrx_word' id='word_1_76' title='bbox 821 1422 925 1481; x_wconf 88' lang='grc' dir='ltr'>τοῦτον</span> <span class='ocrx_word' id='word_1_77' title='bbox 942 1420 993 1482; x_wconf 90' lang='grc' dir='ltr'>καί</span> <span class='ocrx_word' id='word_1_78' title='bbox 1014 1421 1144 1484; x_wconf 82' lang='grc' dir='ltr'>θανάτου</span> <span class='ocrx_word' id='word_1_79' title='bbox 1160 1424 1212 1486; x_wconf 88' lang='grc' dir='ltr'>καί</span> <span class='ocrx_word' id='word_1_80' title='bbox 1230 1424 1406 1514; x_wconf 87' lang='grc' dir='ltr'>πολιορκίας</span> 
     </span>
     <span class='ocr_line' id='line_1_9' title="bbox 308 1526 1403 1621; baseline -0.001 -22"><span class='ocrx_word' id='word_1_81' title='bbox 308 1536 361 1600; x_wconf 92' lang='grc' dir='ltr'>καί</span> <span class='ocrx_word' id='word_1_82' title='bbox 379 1541 439 1599; x_wconf 86' lang='grc' dir='ltr'>τῶν</span> <span class='ocrx_word' id='word_1_83' title='bbox 455 1532 555 1598; x_wconf 81' lang='grc' dir='ltr'>ἄλλων</span> <span class='ocrx_word' id='word_1_84' title='bbox 572 1526 748 1620; x_wconf 78' lang='grc' dir='ltr'>δεινότερον,</span> <span class='ocrx_word' id='word_1_85' title='bbox 767 1528 821 1592; x_wconf 88' lang='grc' dir='ltr'>οῦκ</span> <span class='ocrx_word' id='word_1_86' title='bbox 838 1531 919 1616; x_wconf 83' lang='grc' dir='ltr'>ἔχεις</span> <span class='ocrx_word' id='word_1_87' title='bbox 934 1529 1068 1621; x_wconf 83' lang='grc' dir='ltr'>αἱρήσειν</span> <span class='ocrx_word' id='word_1_88' title='bbox 1085 1528 1151 1616; x_wconf 88' lang='grc' dir='ltr'>ε’μέ,</span> <span class='ocrx_word' id='word_1_89' title='bbox 1170 1535 1195 1596; x_wconf 90' lang='grc' dir='ltr'>εί</span> <span class='ocrx_word' id='word_1_90' title='bbox 1211 1535 1253 1620; x_wconf 79' lang='grc' dir='ltr'>μὴ</span> <span class='ocrx_word' id='word_1_91' title='bbox 1268 1535 1335 1620; x_wconf 82' lang='grc' dir='ltr'>ἀμα</span> <span class='ocrx_word' id='word_1_92' title='bbox 1351 1538 1403 1600; x_wconf 87' lang='grc' dir='ltr'>καί</span> 
     </span>
     <span class='ocr_line' id='line_1_10' title="bbox 309 1637 950 1731; baseline -0.011 -22"><span class='ocrx_word' id='word_1_93' title='bbox 309 1644 451 1729; x_wconf 86' lang='grc' dir='ltr'>σεαυτόν,</span> <span class='ocrx_word' id='word_1_94' title='bbox 467 1641 514 1707; x_wconf 86' lang='grc' dir='ltr'>έπί</span> <span class='ocrx_word' id='word_1_95' title='bbox 530 1650 567 1730; x_wconf 73' lang='grc' dir='ltr'>τῇ</span> <span class='ocrx_word' id='word_1_96' title='bbox 583 1642 692 1731; x_wconf 82' lang='grc' dir='ltr'>ἀγνοίᾳ</span> <span class='ocrx_word' id='word_1_97' title='bbox 708 1645 761 1704; x_wconf 89' lang='grc' dir='ltr'>τοῦ</span> <span class='ocrx_word' id='word_1_98' title='bbox 779 1637 950 1726; x_wconf 87' lang='grc' dir='ltr'>μέλλοντος.</span> 
     </span>
    </p>

    <p class='ocr_par' dir='ltr' id='par_1_5' title="bbox 308 1749 1406 2400">
     <span class='ocr_line' id='line_1_11' title="bbox 357 1749 1406 1842; baseline 0.004 -23"><span class='ocrx_word' id='word_1_99' title='bbox 357 1759 482 1820; x_wconf 84' lang='grc' dir='ltr'>Παῦσαι</span> <span class='ocrx_word' id='word_1_100' title='bbox 498 1755 594 1819; x_wconf 82' lang='grc' dir='ltr'>τοίνυν</span> <span class='ocrx_word' id='word_1_101' title='bbox 612 1749 716 1839; x_wconf 86' lang='grc' dir='ltr'>λιμοὺς</span> <span class='ocrx_word' id='word_1_102' title='bbox 730 1750 827 1841; x_wconf 87' lang='grc' dir='ltr'>λέγειν</span> <span class='ocrx_word' id='word_1_103' title='bbox 843 1751 895 1814; x_wconf 87' lang='grc' dir='ltr'>καί</span> <span class='ocrx_word' id='word_1_104' title='bbox 911 1753 1048 1842; x_wconf 90' lang='grc' dir='ltr'>ἀνάγκας</span> <span class='ocrx_word' id='word_1_105' title='bbox 1061 1755 1175 1830; x_wconf 90' lang='grc' dir='ltr'>πόλεως</span> <span class='ocrx_word' id='word_1_106' title='bbox 1187 1758 1238 1820; x_wconf 91' lang='grc' dir='ltr'>καί</span> <span class='ocrx_word' id='word_1_107' title='bbox 1258 1759 1406 1836; x_wconf 83' lang='grc' dir='ltr'>θανάτους</span> 
     </span>
     <span class='ocr_line' id='line_1_12' title="bbox 309 1857 1405 1957; baseline 0.005 -27"><span class='ocrx_word' id='word_1_108' title='bbox 309 1866 520 1949; x_wconf 79' lang='grc' dir='ltr'>ε’πιποιήτους,</span> <span class='ocrx_word' id='word_1_109' title='bbox 538 1857 578 1929; x_wconf 83' lang='grc' dir='ltr'>ὧν</span> <span class='ocrx_word' id='word_1_110' title='bbox 596 1862 650 1928; x_wconf 89' lang='grc' dir='ltr'>οῦκ</span> <span class='ocrx_word' id='word_1_111' title='bbox 668 1861 731 1950; x_wconf 76' lang='grc' dir='ltr'>ἐμοὶ</span> <span class='ocrx_word' id='word_1_112' title='bbox 750 1862 851 1948; x_wconf 86' lang='grc' dir='ltr'>μετόν,</span> <span class='ocrx_word' id='word_1_113' title='bbox 869 1863 920 1926; x_wconf 88' lang='grc' dir='ltr'>καί</span> <span class='ocrx_word' id='word_1_114' title='bbox 941 1863 973 1926; x_wconf 85' lang='grc' dir='ltr'>τὸ</span> <span class='ocrx_word' id='word_1_115' title='bbox 990 1863 1124 1955; x_wconf 83' lang='grc' dir='ltr'>πραχθὲν</span> <span class='ocrx_word' id='word_1_116' title='bbox 1140 1866 1214 1957; x_wconf 88' lang='grc' dir='ltr'>παρ’</span> <span class='ocrx_word' id='word_1_117' title='bbox 1228 1867 1300 1954; x_wconf 83' lang='grc' dir='ltr'>ἐμοῦ</span> <span class='ocrx_word' id='word_1_118' title='bbox 1317 1871 1405 1957; x_wconf 92' lang='grc' dir='ltr'>μόνον</span> 
     </span>
     <span class='ocr_line' id='line_1_13' title="bbox 308 1971 1404 2069; baseline 0.005 -28"><span class='ocrx_word' id='word_1_119' title='bbox 308 1975 392 2066; x_wconf 88' lang='grc' dir='ltr'>λέγε.</span> <span class='ocrx_word' id='word_1_120' title='bbox 411 1976 451 2040; x_wconf 85' lang='grc' dir='ltr'>Τὸ</span> <span class='ocrx_word' id='word_1_121' title='bbox 465 1984 549 2041; x_wconf 88' lang='grc' dir='ltr'>ποῖον</span> <span class='ocrx_word' id='word_1_122' title='bbox 564 1971 683 2051; x_wconf 66' lang='grc' dir='ltr'>τοῦτο’;</span> <span class='ocrx_word' id='word_1_123' title='bbox 697 1974 731 2038; x_wconf 85' lang='grc' dir='ltr'>τὸ</span> <span class='ocrx_word' id='word_1_124' title='bbox 746 1971 924 2064; x_wconf 71' lang='grc' dir='ltr'>ἱστορῆσαι2</span> <span class='ocrx_word' id='word_1_125' title='bbox 938 1977 1093 2064; x_wconf 77' lang='grc' dir='ltr'>ναυαγίων</span> <span class='ocrx_word' id='word_1_126' title='bbox 1108 1977 1210 2069; x_wconf 85' lang='grc' dir='ltr'>εἰκόνα</span> <span class='ocrx_word' id='word_1_127' title='bbox 1223 1981 1274 2043; x_wconf 86' lang='grc' dir='ltr'>καί</span> <span class='ocrx_word' id='word_1_128' title='bbox 1294 1989 1404 2051; x_wconf 83' lang='grc' dir='ltr'>στῆσαι</span> 
     </span>
     <span class='ocr_line' id='line_1_14' title="bbox 308 2085 1404 2178; baseline 0.002 -28"><span class='ocrx_word' id='word_1_129' title='bbox 308 2087 367 2178; x_wconf 88' lang='grc' dir='ltr'>πρὸ</span> <span class='ocrx_word' id='word_1_130' title='bbox 383 2093 442 2152; x_wconf 81' lang='grc' dir='ltr'>τῶν</span> <span class='ocrx_word' id='word_1_131' title='bbox 458 2085 582 2173; x_wconf 78' lang='grc' dir='ltr'>λιμένων</span> <span class='ocrx_word' id='word_1_132' title='bbox 599 2087 680 2150; x_wconf 89' lang='grc' dir='ltr'>κατόι</span> <span class='ocrx_word' id='word_1_133' title='bbox 699 2085 769 2149; x_wconf 82' lang='grc' dir='ltr'>Θέαυ</span> <span class='ocrx_word' id='word_1_134' title='bbox 790 2087 903 2154; x_wconf 80' lang='grc' dir='ltr'>κοινήν.</span> <span class='ocrx_word' id='word_1_135' title='bbox 925 2090 1019 2150; x_wconf 86' lang='grc' dir='ltr'>Τοῦτο</span> <span class='ocrx_word' id='word_1_136' title='bbox 1036 2088 1055 2156; x_wconf 75' lang='grc' dir='ltr'>ἡ</span> <span class='ocrx_word' id='word_1_137' title='bbox 1071 2085 1178 2178; x_wconf 83' lang='grc' dir='ltr'>πρᾶξις</span> <span class='ocrx_word' id='word_1_138' title='bbox 1196 2088 1264 2175; x_wconf 85' lang='grc' dir='ltr'>ἐμοί</span> <span class='ocrx_word' id='word_1_139' title='bbox 1269 2086 1295 2124; x_wconf 80' lang='lat'>³·</span> <span class='ocrx_word' id='word_1_140' title='bbox 1317 2097 1404 2157; x_wconf 82' lang='grc' dir='ltr'>τοῦτο</span> 
     </span>
     <span class='ocr_line' id='line_1_15' title="bbox 309 2193 1404 2288; baseline 0.006 -27"><span class='ocrx_word' id='word_1_141' title='bbox 309 2196 379 2288; x_wconf 88' lang='grc' dir='ltr'>λέγε</span> <span class='ocrx_word' id='word_1_142' title='bbox 388 2244 405 2280; x_wconf 88' lang='grc'>,,</span> <span class='ocrx_word' id='word_1_143' title='bbox 418 2200 491 2281; x_wconf 91' lang='grc' dir='ltr'>καί,</span> <span class='ocrx_word' id='word_1_144' title='bbox 510 2193 618 2284; x_wconf 83' lang='grc' dir='ltr'>οἶμαι,</span> <span class='ocrx_word' id='word_1_145' title='bbox 639 2196 692 2261; x_wconf 86' lang='grc' dir='ltr'>οῦκ</span> <span class='ocrx_word' id='word_1_146' title='bbox 710 2198 854 2287; x_wconf 81' lang='grc' dir='ltr'>ἀπορήσω</span> <span class='ocrx_word' id='word_1_147' title='bbox 872 2196 1062 2287; x_wconf 81' lang='grc' dir='ltr'>ἀπολογίας,</span> <span class='ocrx_word' id='word_1_148' title='bbox 1080 2200 1192 2276; x_wconf 81' lang='grc' dir='ltr'>ταύτης</span> <span class='ocrx_word' id='word_1_149' title='bbox 1209 2197 1243 2267; x_wconf 75' lang='grc' dir='ltr'>δὲ</span> <span class='ocrx_word' id='word_1_150' title='bbox 1257 2210 1309 2278; x_wconf 79' lang='grc' dir='ltr'>τῆς</span> <span class='ocrx_word' id='word_1_151' title='bbox 1325 2207 1404 2268; x_wconf 82' lang='grc' dir='ltr'>ἀπε-</span> 
     </span>
     <span class='ocr_line' id='line_1_16' title="bbox 311 2308 683 2400; baseline 0 -28"><span class='ocrx_word' id='word_1_152' title='bbox 311 2309 432 2400; x_wconf 92' lang='grc' dir='ltr'>ριέργου</span> <span class='ocrx_word' id='word_1_153' title='bbox 450 2333 482 2373; x_wconf 88' lang='grc' dir='ltr'>τε</span> <span class='ocrx_word' id='word_1_154' title='bbox 501 2310 553 2374; x_wconf 87' lang='grc' dir='ltr'>καί</span> <span class='ocrx_word' id='word_1_155' title='bbox 573 2308 683 2384; x_wconf 81' lang='grc' dir='ltr'>ἀτλῆς.</span> 
     </span>
    </p>
   </div>
   <div class='ocr_carea' id='block_1_5' title="bbox 373 2399 379 2419">
    <p class='ocr_par' dir='ltr' id='par_1_6' title="bbox 373 2399 379 2419">
     <span class='ocr_line' id='line_1_17' title="bbox 373 2399 379 2419; baseline 0 0"><span class='ocrx_word' id='word_1_156' title='bbox 373 2399 379 2419; x_wconf 69' lang='lat'><em>2</em></span> 
     </span>
    </p>
   </div>
   <div class='ocr_carea' id='block_1_6' title="bbox 310 2414 1407 2952">
    <p class='ocr_par' dir='ltr' id='par_1_7' title="bbox 310 2414 1407 2952">
     <span class='ocr_line' id='line_1_18' title="bbox 358 2414 1405 2514; baseline 0.004 -30"><span class='ocrx_word' id='word_1_157' title='bbox 358 2416 438 2495; x_wconf 77' lang='grc' dir='ltr'>Εξῆυ</span> <span class='ocrx_word' id='word_1_158' title='bbox 456 2414 529 2506; x_wconf 53' lang='grc' dir='ltr'>μοιί</span> <span class='ocrx_word' id='word_1_159' title='bbox 545 2422 746 2511; x_wconf 84' lang='grc' dir='ltr'>καθιστορεῖυ,</span> <span class='ocrx_word' id='word_1_160' title='bbox 768 2416 926 2503; x_wconf 79' lang='grc' dir='ltr'>βέλτιστε·</span> <span class='ocrx_word' id='word_1_161' title='bbox 947 2417 1013 2495; x_wconf 79' lang='grc' dir='ltr'>ἐξῆν</span> <span class='ocrx_word' id='word_1_162' title='bbox 1031 2447 1082 2508; x_wconf 88' lang='grc' dir='ltr'>μοι</span> <span class='ocrx_word' id='word_1_163' title='bbox 1100 2426 1224 2514; x_wconf 83' lang='grc' dir='ltr'>γράφειν</span> <span class='ocrx_word' id='word_1_164' title='bbox 1241 2426 1292 2487; x_wconf 84' lang='grc' dir='ltr'>καί</span> <span class='ocrx_word' id='word_1_165' title='bbox 1312 2424 1405 2488; x_wconf 78' lang='grc' dir='ltr'>πολέ-</span> 
     </span>
     <span class='ocr_line' id='line_1_19' title="bbox 311 2527 1406 2622; baseline 0.004 -28"><span class='ocrx_word' id='word_1_166' title='bbox 311 2555 385 2618; x_wconf 91' lang='grc' dir='ltr'>μους</span> <span class='ocrx_word' id='word_1_167' title='bbox 398 2532 450 2595; x_wconf 88' lang='grc' dir='ltr'>καί</span> <span class='ocrx_word' id='word_1_168' title='bbox 465 2527 664 2622; x_wconf 80' lang='grc' dir='ltr'>παρατάξεις,</span> <span class='ocrx_word' id='word_1_169' title='bbox 680 2532 732 2594; x_wconf 91' lang='grc' dir='ltr'>καί</span> <span class='ocrx_word' id='word_1_170' title='bbox 757 2531 913 2605; x_wconf 80' lang='grc' dir='ltr'>θαλάσσος</span> <span class='ocrx_word' id='word_1_171' title='bbox 927 2530 1049 2616; x_wconf 88' lang='grc' dir='ltr'>κύματα</span> <span class='ocrx_word' id='word_1_172' title='bbox 1068 2533 1120 2595; x_wconf 91' lang='grc' dir='ltr'>καί</span> <span class='ocrx_word' id='word_1_173' title='bbox 1138 2534 1286 2622; x_wconf 89' lang='grc' dir='ltr'>ναυοίγια.</span> <span class='ocrx_word' id='word_1_174' title='bbox 1306 2530 1406 2609; x_wconf 78' lang='grc' dir='ltr'>Δεῖξον</span> 
     </span>
     <span class='ocr_line' id='line_1_20' title="bbox 310 2637 1407 2733; baseline 0.003 -27"><span class='ocrx_word' id='word_1_175' title='bbox 310 2642 361 2706; x_wconf 84' lang='grc' dir='ltr'>τὸν</span> <span class='ocrx_word' id='word_1_176' title='bbox 374 2637 549 2733; x_wconf 77' lang='grc' dir='ltr'>διαιροῦντα</span> <span class='ocrx_word' id='word_1_177' title='bbox 562 2642 664 2727; x_wconf 89' lang='grc' dir='ltr'>νόμον,</span> <span class='ocrx_word' id='word_1_178' title='bbox 681 2643 733 2706; x_wconf 86' lang='grc' dir='ltr'>καί</span> <span class='ocrx_word' id='word_1_179' title='bbox 752 2646 841 2705; x_wconf 87' lang='grc' dir='ltr'>τοῦτο</span> <span class='ocrx_word' id='word_1_180' title='bbox 858 2639 910 2727; x_wconf 81' lang='grc' dir='ltr'>μὲν</span> <span class='ocrx_word' id='word_1_181' title='bbox 925 2640 1041 2731; x_wconf 79' lang='grc' dir='ltr'>ἐφιέντα</span> <span class='ocrx_word' id='word_1_182' title='bbox 1055 2645 1191 2733; x_wconf 83' lang='grc' dir='ltr'>γροίρειν,</span> <span class='ocrx_word' id='word_1_183' title='bbox 1206 2648 1294 2707; x_wconf 88' lang='grc' dir='ltr'>τοῦτο</span> <span class='ocrx_word' id='word_1_184' title='bbox 1309 2640 1339 2709; x_wconf 77' lang='grc' dir='ltr'>δ’</span> <span class='ocrx_word' id='word_1_185' title='bbox 1352 2638 1407 2709; x_wconf 84' lang='grc' dir='ltr'>αῦ·</span> 
     </span>
     <span class='ocr_line' id='line_1_21' title="bbox 311 2732 1406 2843; baseline 0.001 -26"><span class='ocrx_word' id='word_1_186' title='bbox 311 2754 357 2827; x_wconf 82' lang='grc' dir='ltr'>θις</span> <span class='ocrx_word' id='word_1_187' title='bbox 380 2751 547 2816; x_wconf 89' lang='grc' dir='ltr'>κωλύοντα.</span> <span class='ocrx_word' id='word_1_188' title='bbox 567 2732 671 2826; x_wconf 79' lang='grc' dir='ltr'>Δεῖξον</span> <span class='ocrx_word' id='word_1_189' title='bbox 683 2753 809 2838; x_wconf 92' lang='grc' dir='ltr'>νομικόις</span> <span class='ocrx_word' id='word_1_190' title='bbox 827 2746 993 2826; x_wconf 81' lang='grc' dir='ltr'>όιαστίξεις</span> <span class='ocrx_word' id='word_1_191' title='bbox 1012 2750 1057 2815; x_wconf 80' lang='grc' dir='ltr'>ἐπὶ</span> <span class='ocrx_word' id='word_1_192' title='bbox 1083 2760 1118 2840; x_wconf 78' lang='grc' dir='ltr'>τῇ</span> <span class='ocrx_word' id='word_1_193' title='bbox 1145 2752 1249 2842; x_wconf 76' lang='grc' dir='ltr'>τέχνῃ.</span> <span class='ocrx_word' id='word_1_194' title='bbox 1276 2755 1340 2818; x_wconf 85' lang='grc' dir='ltr'>Κάν</span> <span class='ocrx_word' id='word_1_195' title='bbox 1366 2757 1406 2843; x_wconf 78' lang='grc' dir='ltr'>μὴ</span> 
     </span>
     <span class='ocr_line' id='line_1_22' title="bbox 313 2856 1407 2952; baseline 0.002 -25"><span class='ocrx_word' id='word_1_196' title='bbox 313 2864 395 2950; x_wconf 84' lang='grc' dir='ltr'>ἔχοις</span> <span class='ocrx_word' id='word_1_197' title='bbox 410 2857 554 2927; x_wconf 75' lang='grc' dir='ltr'>δεικνύειν</span> <span class='ocrx_word' id='word_1_198' title='bbox 566 2859 680 2936; x_wconf 88' lang='grc' dir='ltr'>ταύτας</span> <span class='ocrx_word' id='word_1_199' title='bbox 694 2859 740 2926; x_wconf 90' lang='grc' dir='ltr'>ε’πί</span> <span class='ocrx_word' id='word_1_200' title='bbox 755 2860 849 2949; x_wconf 82' lang='grc' dir='ltr'>ταύτῃ</span> <span class='ocrx_word' id='word_1_201' title='bbox 867 2856 906 2930; x_wconf 74' lang='grc' dir='ltr'>δὴ</span> <span class='ocrx_word' id='word_1_202' title='bbox 920 2869 957 2949; x_wconf 76' lang='grc' dir='ltr'>τῇ</span> <span class='ocrx_word' id='word_1_203' title='bbox 973 2860 1047 2949; x_wconf 78' lang='grc' dir='ltr'>ἐμῇ,</span> <span class='ocrx_word' id='word_1_204' title='bbox 1063 2863 1119 2926; x_wconf 84' lang='grc' dir='ltr'>κᾶν</span> <span class='ocrx_word' id='word_1_205' title='bbox 1137 2861 1184 2928; x_wconf 82' lang='grc' dir='ltr'>ἐπ’</span> <span class='ocrx_word' id='word_1_206' title='bbox 1196 2863 1273 2952; x_wconf 76' lang='grc' dir='ltr'>ἄλλῃ</span> <span class='ocrx_word' id='word_1_207' title='bbox 1288 2860 1407 2940; x_wconf 65' lang='grc' dir='ltr'>δείξας“</span> 
     </span>
    </p>
   </div>
   <div class='ocr_carea' id='block_1_7' title="bbox 312 3126 1414 4530">
    <p class='ocr_par' dir='ltr' id='par_1_8' title="bbox 345 3126 1408 3198">
     <span class='ocr_line' id='line_1_23' title="bbox 345 3126 1408 3198; baseline 0 -20"><span class='ocrx_word' id='word_1_208' title='bbox 345 3129 353 3155; x_wconf 82' lang='lat'>¹</span> <span class='ocrx_word' id='word_1_209' title='bbox 369 3127 463 3180; x_wconf 64' lang='lat' dir='ltr'>Schola</span> <span class='ocrx_word' id='word_1_210' title='bbox 478 3137 505 3180; x_wconf 83' lang='grc' dir='ltr'>τὸ</span> <span class='ocrx_word' id='word_1_211' title='bbox 520 3131 562 3179; x_wconf 82' lang='grc' dir='ltr'>ἀπ’</span> <span class='ocrx_word' id='word_1_212' title='bbox 575 3131 650 3198; x_wconf 79' lang='grc' dir='ltr'>ἀρχῆς</span> <span class='ocrx_word' id='word_1_213' title='bbox 662 3130 720 3195; x_wconf 80' lang='grc' dir='ltr'>ἄχρι</span> <span class='ocrx_word' id='word_1_214' title='bbox 736 3132 822 3185; x_wconf 81' lang='grc' dir='ltr'>τέλους.</span> <span class='ocrx_word' id='word_1_215' title='bbox 873 3127 904 3176; x_wconf 85' lang='grc' dir='ltr'>Μ.</span> <span class='ocrx_word' id='word_1_216' title='bbox 919 3126 1070 3188; x_wconf 74' lang='lat' dir='ltr'><strong>Antoninus,</strong></span> <span class='ocrx_word' id='word_1_217' title='bbox 1085 3131 1132 3189; x_wconf 81' lang='lat'>8,1</span> <span class='ocrx_word' id='word_1_218' title='bbox 1149 3131 1292 3196; x_wconf 73' lang='grc' dir='ltr'>ιάρκίοθητι</span> <span class='ocrx_word' id='word_1_219' title='bbox 1302 3131 1356 3180; x_wconf 62' lang='lat' dir='ltr'>nesi</span> <span class='ocrx_word' id='word_1_220' title='bbox 1366 3133 1408 3181; x_wconf 84' lang='grc' dir='ltr'>κάν</span> 
     </span>
    </p>

    <p class='ocr_par' dir='ltr' id='par_1_9' title="bbox 345 3205 1408 3276">
     <span class='ocr_line' id='line_1_24' title="bbox 345 3205 1408 3276; baseline 0.003 -20"><span class='ocrx_word' id='word_1_221' title='bbox 345 3205 402 3256; x_wconf 80' lang='lat' dir='ltr'>’De</span> <span class='ocrx_word' id='word_1_222' title='bbox 415 3211 570 3275; x_wconf 80' lang='grc' dir='ltr'>ἰστορῆσαιρ.</span> <span class='ocrx_word' id='word_1_223' title='bbox 583 3209 624 3266; x_wconf 76' lang='lat'>44,</span> <span class='ocrx_word' id='word_1_224' title='bbox 639 3224 663 3256; x_wconf 94' lang='lat' dir='ltr'>n.</span> <span class='ocrx_word' id='word_1_225' title='bbox 675 3209 699 3257; x_wconf 87' lang='lat'>3.</span> <span class='ocrx_word' id='word_1_226' title='bbox 873 3214 900 3257; x_wconf 81' lang='grc' dir='ltr'>τὸ</span> <span class='ocrx_word' id='word_1_227' title='bbox 920 3211 999 3256; x_wconf 83' lang='grc' dir='ltr'>λοιπὸν</span> <span class='ocrx_word' id='word_1_228' title='bbox 1021 3214 1063 3257; x_wconf 89' lang='grc' dir='ltr'>τοῦ</span> <span class='ocrx_word' id='word_1_229' title='bbox 1081 3214 1147 3276; x_wconf 77' lang='grc' dir='ltr'>βίον,</span> <span class='ocrx_word' id='word_1_230' title='bbox 1165 3209 1216 3258; x_wconf 76' lang='grc' dir='ltr'>ὅσον</span> <span class='ocrx_word' id='word_1_231' title='bbox 1238 3209 1326 3264; x_wconf 75' lang='grc' dir='ltr'>δήποτε</span> <span class='ocrx_word' id='word_1_232' title='bbox 1345 3215 1358 3266; x_wconf 81' lang='grc' dir='ltr'>ἡ</span> <span class='ocrx_word' id='word_1_233' title='bbox 1380 3218 1408 3266; x_wconf 87' lang='grc' dir='ltr'>σὴ</span> 
     </span>
    </p>

    <p class='ocr_par' dir='ltr' id='par_1_10' title="bbox 312 3284 1411 4133">
     <span class='ocr_line' id='line_1_25' title="bbox 345 3284 1407 3356; baseline 0.001 -21"><span class='ocrx_word' id='word_1_234' title='bbox 345 3284 528 3336; x_wconf 73' lang='lat' dir='ltr'>⁸scribendum</span> <span class='ocrx_word' id='word_1_235' title='bbox 544 3290 590 3351; x_wconf 81' lang='lat' dir='ltr'>prn</span> <span class='ocrx_word' id='word_1_236' title='bbox 605 3288 658 3350; x_wconf 83' lang='grc' dir='ltr'>ἐμοί</span> <span class='ocrx_word' id='word_1_237' title='bbox 674 3285 770 3333; x_wconf 78' lang='lat' dir='ltr'><strong>videtur</strong></span> <span class='ocrx_word' id='word_1_238' title='bbox 787 3286 845 3347; x_wconf 80' lang='grc' dir='ltr'>ἐμή,</span> <span class='ocrx_word' id='word_1_239' title='bbox 875 3288 940 3354; x_wconf 83' lang='grc' dir='ltr'>ρύιις</span> <span class='ocrx_word' id='word_1_240' title='bbox 952 3289 1011 3336; x_wconf 78' lang='grc' dir='ltr'>θέλει</span> <span class='ocrx_word' id='word_1_241' title='bbox 1022 3293 1125 3351; x_wconf 81' lang='grc' dir='ltr'>βιώσειν.</span> <span class='ocrx_word' id='word_1_242' title='bbox 1142 3287 1285 3350; x_wconf 82' lang='lat' dir='ltr'><strong>Receperim</strong></span> <span class='ocrx_word' id='word_1_243' title='bbox 1300 3295 1407 3356; x_wconf 77' lang='grc' dir='ltr'>βιώσεις,</span> 
     </span>
     <span class='ocr_line' id='line_1_26' title="bbox 312 3361 1408 3429; baseline 0.003 -17"><span class='ocrx_word' id='word_1_244' title='bbox 312 3376 374 3413; x_wconf 77' lang='lat' dir='ltr'><strong>sono</strong></span> <span class='ocrx_word' id='word_1_245' title='bbox 384 3361 482 3413; x_wconf 85' lang='lat' dir='ltr'>eodem.</span> <span class='ocrx_word' id='word_1_246' title='bbox 492 3362 620 3413; x_wconf 80' lang='lat' dir='ltr'><strong>AEschines</strong></span> <span class='ocrx_word' id='word_1_247' title='bbox 631 3363 709 3429; x_wconf 81' lang='lat' dir='ltr'>Epist.</span> <span class='ocrx_word' id='word_1_248' title='bbox 724 3364 769 3411; x_wconf 84' lang='lat'>10:</span> <span class='ocrx_word' id='word_1_249' title='bbox 782 3365 848 3411; x_wconf 83' lang='grc' dir='ltr'>ἐπει·</span> <span class='ocrx_word' id='word_1_250' title='bbox 875 3363 941 3428; x_wconf 89' lang='lat' dir='ltr'>quod</span> <span class='ocrx_word' id='word_1_251' title='bbox 952 3363 1003 3427; x_wconf 81' lang='lat' dir='ltr'>jam</span> <span class='ocrx_word' id='word_1_252' title='bbox 1020 3363 1064 3412; x_wconf 75' lang='lat' dir='ltr'>suit</span> <span class='ocrx_word' id='word_1_253' title='bbox 1086 3364 1238 3428; x_wconf 77' lang='lat' dir='ltr'><strong>propositum</strong></span> <span class='ocrx_word' id='word_1_254' title='bbox 1256 3385 1262 3413; x_wconf 75' lang='grc' dir='ltr'>ε</span> <span class='ocrx_word' id='word_1_255' title='bbox 1278 3367 1299 3413; x_wconf 87' lang='grc' dir='ltr'>εἰ</span> <span class='ocrx_word' id='word_1_256' title='bbox 1314 3367 1355 3414; x_wconf 83' lang='grc' dir='ltr'>κᾶν</span> <span class='ocrx_word' id='word_1_257' title='bbox 1359 3401 1408 3415; x_wconf 88' lang='lat'>.....</span> 
     </span>
     <span class='ocr_line' id='line_1_27' title="bbox 314 3431 1409 3510; baseline -0.002 -18"><span class='ocrx_word' id='word_1_258' title='bbox 314 3443 358 3492; x_wconf 79' lang='grc' dir='ltr'>δᾶν</span> <span class='ocrx_word' id='word_1_259' title='bbox 371 3431 491 3499; x_wconf 80' lang='grc' dir='ltr'>δὲπολλοίς</span> <span class='ocrx_word' id='word_1_260' title='bbox 504 3446 579 3492; x_wconf 77' lang='grc' dir='ltr'>λαόών</span> <span class='ocrx_word' id='word_1_261' title='bbox 593 3446 684 3506; x_wconf 81' lang='grc' dir='ltr'>πληγὰς</span> <span class='ocrx_word' id='word_1_262' title='bbox 696 3447 735 3490; x_wconf 87' lang='grc' dir='ltr'>καί</span> <span class='ocrx_word' id='word_1_263' title='bbox 746 3444 849 3492; x_wconf 84' lang='grc' dir='ltr'>ἀπειπά-</span> <span class='ocrx_word' id='word_1_264' title='bbox 876 3441 948 3499; x_wconf 83' lang='grc' dir='ltr'>θέλει,</span> <span class='ocrx_word' id='word_1_265' title='bbox 962 3447 1063 3510; x_wconf 81' lang='grc' dir='ltr'>βιώσεις·</span> <span class='ocrx_word' id='word_1_266' title='bbox 1080 3441 1158 3489; x_wconf 79' lang='lat' dir='ltr'><strong>«satis</strong></span> <span class='ocrx_word' id='word_1_267' title='bbox 1175 3451 1256 3490; x_wconf 80' lang='lat' dir='ltr'><strong>antem</strong></span> <span class='ocrx_word' id='word_1_268' title='bbox 1268 3443 1299 3490; x_wconf 78' lang='lat' dir='ltr'>sit</span> <span class='ocrx_word' id='word_1_269' title='bbox 1316 3442 1373 3502; x_wconf 84' lang='lat' dir='ltr'><strong>tibi,</strong></span> <span class='ocrx_word' id='word_1_270' title='bbox 1389 3443 1409 3491; x_wconf 87' lang='lat' dir='ltr'>si</span> 
     </span>
     <span class='ocr_line' id='line_1_28' title="bbox 312 3519 1410 3590; baseline -0.001 -19"><span class='ocrx_word' id='word_1_271' title='bbox 312 3540 380 3584; x_wconf 83' lang='grc' dir='ltr'>μενος</span> <span class='ocrx_word' id='word_1_272' title='bbox 391 3521 450 3590; x_wconf 76' lang='grc' dir='ltr'>ἰξίρ.</span> <span class='ocrx_word' id='word_1_273' title='bbox 467 3519 571 3585; x_wconf 77' lang='lat' dir='ltr'>Scripsit</span> <span class='ocrx_word' id='word_1_274' title='bbox 584 3521 620 3569; x_wconf 81' lang='grc' dir='ltr'>ιίο</span> <span class='ocrx_word' id='word_1_275' title='bbox 635 3536 681 3584; x_wconf 85' lang='lat' dir='ltr'>pro</span> <span class='ocrx_word' id='word_1_276' title='bbox 692 3523 750 3578; x_wconf 80' lang='grc' dir='ltr'>ἐξίοι</span> <span class='ocrx_word' id='word_1_277' title='bbox 762 3519 798 3568; x_wconf 84' lang='lat' dir='ltr'>vir</span> <span class='ocrx_word' id='word_1_278' title='bbox 810 3519 848 3580; x_wconf 88' lang='lat' dir='ltr'>d.‚</span> <span class='ocrx_word' id='word_1_279' title='bbox 875 3519 970 3580; x_wconf 78' lang='lat' dir='ltr'><strong>saltem,</strong></span> <span class='ocrx_word' id='word_1_280' title='bbox 979 3519 1045 3585; x_wconf 90' lang='lat' dir='ltr'>quod</span> <span class='ocrx_word' id='word_1_281' title='bbox 1056 3520 1109 3567; x_wconf 81' lang='lat' dir='ltr'><strong>vitae</strong></span> <span class='ocrx_word' id='word_1_282' title='bbox 1118 3519 1254 3583; x_wconf 79' lang='lat' dir='ltr'><strong>supererit,</strong></span> <span class='ocrx_word' id='word_1_283' title='bbox 1264 3535 1310 3582; x_wconf 83' lang='lat' dir='ltr'>pro</span> <span class='ocrx_word' id='word_1_284' title='bbox 1318 3530 1410 3570; x_wconf 80' lang='lat' dir='ltr'><strong>naturae</strong></span> 
     </span>
     <span class='ocr_line' id='line_1_29' title="bbox 312 3597 1409 3666; baseline -0.001 -16"><span class='ocrx_word' id='word_1_285' title='bbox 312 3598 457 3650; x_wconf 79' lang='lat' dir='ltr'>auctoritate</span> <span class='ocrx_word' id='word_1_286' title='bbox 471 3614 520 3647; x_wconf 88' lang='lat' dir='ltr'>non</span> <span class='ocrx_word' id='word_1_287' title='bbox 535 3597 676 3662; x_wconf 74' lang='lat' dir='ltr'><strong>significata.</strong></span> <span class='ocrx_word' id='word_1_288' title='bbox 695 3598 780 3648; x_wconf 86' lang='lat' dir='ltr'><strong>Inveni</strong></span> <span class='ocrx_word' id='word_1_289' title='bbox 799 3600 849 3666; x_wconf 76' lang='grc' dir='ltr'>ἐξίῃ</span> <span class='ocrx_word' id='word_1_290' title='bbox 874 3608 921 3647; x_wconf 84' lang='lat' dir='ltr'>tuae</span> <span class='ocrx_word' id='word_1_291' title='bbox 941 3598 1082 3655; x_wconf 81' lang='lat' dir='ltr'><strong>voluntate,</strong></span> <span class='ocrx_word' id='word_1_292' title='bbox 1102 3598 1168 3646; x_wconf 74' lang='lat' dir='ltr'>vives</span> <span class='ocrx_word' id='word_1_293' title='bbox 1189 3616 1210 3646; x_wconf 81' lang='grc' dir='ltr'>υ.</span> <span class='ocrx_word' id='word_1_294' title='bbox 1236 3598 1409 3664; x_wconf 77' lang='grc' dir='ltr'>Αοώεεοριιίιιι</span> 
     </span>
     <span class='ocr_line' id='line_1_30' title="bbox 313 3675 1410 3743; baseline 0.004 -17"><span class='ocrx_word' id='word_1_295' title='bbox 313 3678 338 3726; x_wconf 87' lang='lat' dir='ltr'>in</span> <span class='ocrx_word' id='word_1_296' title='bbox 348 3676 442 3728; x_wconf 80' lang='lat' dir='ltr'><strong>codice.</strong></span> <span class='ocrx_word' id='word_1_297' title='bbox 453 3676 564 3725; x_wconf 78' lang='lat' dir='ltr'><strong>Palladas</strong></span> <span class='ocrx_word' id='word_1_298' title='bbox 574 3675 648 3726; x_wconf 71' lang='lat' dir='ltr'><strong>Anth.</strong></span> <span class='ocrx_word' id='word_1_299' title='bbox 663 3677 701 3737; x_wconf 88' lang='lat'>10,</span> <span class='ocrx_word' id='word_1_300' title='bbox 713 3678 744 3726; x_wconf 78' lang='lat'>55</span> <span class='ocrx_word' id='word_1_301' title='bbox 758 3695 763 3724; x_wconf 88' lang='grc' dir='ltr'>ι</span> <span class='ocrx_word' id='word_1_302' title='bbox 777 3675 788 3727; x_wconf 82' lang='grc' dir='ltr'><strong>ὅ</strong></span> <span class='ocrx_word' id='word_1_303' title='bbox 801 3678 849 3726; x_wconf 81' lang='grc' dir='ltr'>θὀἱ</span> <span class='ocrx_word' id='word_1_304' title='bbox 876 3676 992 3742; x_wconf 82' lang='lat' dir='ltr'><strong>Syntipa.</strong></span> <span class='ocrx_word' id='word_1_305' title='bbox 1003 3692 1031 3740; x_wconf 88' lang='lat' dir='ltr'>p.</span> <span class='ocrx_word' id='word_1_306' title='bbox 1046 3678 1075 3724; x_wconf 86' lang='grc'>10</span> <span class='ocrx_word' id='word_1_307' title='bbox 1092 3695 1098 3724; x_wconf 78' lang='lat' dir='ltr'>e</span> <span class='ocrx_word' id='word_1_308' title='bbox 1111 3679 1153 3726; x_wconf 74' lang='grc' dir='ltr'>κᾶν</span> <span class='ocrx_word' id='word_1_309' title='bbox 1166 3677 1232 3740; x_wconf 81' lang='grc' dir='ltr'>ὑμεῖς</span> <span class='ocrx_word' id='word_1_310' title='bbox 1245 3684 1285 3728; x_wconf 82' lang='grc' dir='ltr'>τὸν</span> <span class='ocrx_word' id='word_1_311' title='bbox 1302 3683 1351 3728; x_wconf 84' lang='grc' dir='ltr'>υἱόν</span> <span class='ocrx_word' id='word_1_312' title='bbox 1364 3699 1410 3743; x_wconf 89' lang='grc' dir='ltr'>μου</span> 
     </span>
     <span class='ocr_line' id='line_1_31' title="bbox 313 3756 1411 3821; baseline -0.001 -14"><span class='ocrx_word' id='word_1_313' title='bbox 313 3759 394 3807; x_wconf 79' lang='grc' dir='ltr'>πολλοί</span> <span class='ocrx_word' id='word_1_314' title='bbox 406 3756 460 3805; x_wconf 82' lang='grc' dir='ltr'>κατ’</span> <span class='ocrx_word' id='word_1_315' title='bbox 471 3757 573 3820; x_wconf 82' lang='grc' dir='ltr'>ἀνάγκην</span> <span class='ocrx_word' id='word_1_316' title='bbox 583 3759 849 3821; x_wconf 81' lang='grc' dir='ltr'>Πάσχομεν,ἣποίυτες,</span> <span class='ocrx_word' id='word_1_317' title='bbox 876 3759 1002 3812; x_wconf 80' lang='grc' dir='ltr'>λαλήσατε·</span> <span class='ocrx_word' id='word_1_318' title='bbox 1024 3756 1198 3818; x_wconf 30' lang='grc' dir='ltr'>ευοειυυίῑθῐῐι</span> <span class='ocrx_word' id='word_1_319' title='bbox 1218 3771 1273 3806; x_wconf 78' lang='lat' dir='ltr'>cnm</span> <span class='ocrx_word' id='word_1_320' title='bbox 1291 3773 1347 3807; x_wconf 84' lang='lat' dir='ltr'>meo</span> <span class='ocrx_word' id='word_1_321' title='bbox 1360 3758 1411 3808; x_wconf 83' lang='lat' dir='ltr'>filio</span> 
     </span>
     <span class='ocr_line' id='line_1_32' title="bbox 314 3833 1409 3903; baseline 0 -18"><span class='ocrx_word' id='word_1_322' title='bbox 314 3840 354 3885; x_wconf 82' lang='grc' dir='ltr'>καί</span> <span class='ocrx_word' id='word_1_323' title='bbox 365 3839 393 3884; x_wconf 82' lang='grc' dir='ltr'>τῦ</span> <span class='ocrx_word' id='word_1_324' title='bbox 403 3845 586 3903; x_wconf 76' lang='grc' dir='ltr'>γυναικοκρατῇ.</span> <span class='ocrx_word' id='word_1_325' title='bbox 603 3834 687 3899; x_wconf 80' lang='lat' dir='ltr'><strong>Lego,</strong></span> <span class='ocrx_word' id='word_1_326' title='bbox 700 3834 712 3885; x_wconf 81' lang='grc' dir='ltr'><strong>ὅ</strong></span> <span class='ocrx_word' id='word_1_327' title='bbox 726 3835 771 3890; x_wconf 77' lang='grc' dir='ltr'>τ’ἦ</span> <span class='ocrx_word' id='word_1_328' title='bbox 789 3838 850 3883; x_wconf 88' lang='grc' dir='ltr'>πολ·</span> <span class='ocrx_word' id='word_1_329' title='bbox 876 3833 1002 3899; x_wconf 80' lang='lat' dir='ltr'><strong>loquimini</strong></span> <span class='ocrx_word' id='word_1_330' title='bbox 1018 3853 1040 3882; x_wconf 79' lang='grc' dir='ltr'>υ.</span> <span class='ocrx_word' id='word_1_331' title='bbox 1055 3834 1137 3894; x_wconf 87' lang='lat' dir='ltr'><strong>Idem,</strong></span> <span class='ocrx_word' id='word_1_332' title='bbox 1150 3850 1175 3898; x_wconf 88' lang='lat' dir='ltr'>p.</span> <span class='ocrx_word' id='word_1_333' title='bbox 1193 3837 1222 3882; x_wconf 79' lang='lat'>12</span> <span class='ocrx_word' id='word_1_334' title='bbox 1233 3854 1240 3883; x_wconf 78' lang='grc' dir='ltr'>ι</span> <span class='ocrx_word' id='word_1_335' title='bbox 1252 3837 1293 3885; x_wconf 81' lang='grc' dir='ltr'>κᾶν</span> <span class='ocrx_word' id='word_1_336' title='bbox 1305 3837 1346 3885; x_wconf 81' lang='grc' dir='ltr'>διὰ</span> <span class='ocrx_word' id='word_1_337' title='bbox 1360 3843 1409 3886; x_wconf 84' lang='grc' dir='ltr'>σοῦ·</span> 
     </span>
     <span class='ocr_line' id='line_1_33' title="bbox 314 3911 1411 3979; baseline -0.003 -15"><span class='ocrx_word' id='word_1_338' title='bbox 314 3917 363 3972; x_wconf 80' lang='grc' dir='ltr'>λοί,</span> <span class='ocrx_word' id='word_1_339' title='bbox 379 3911 446 3977; x_wconf 86' lang='lat' dir='ltr'>quod</span> <span class='ocrx_word' id='word_1_340' title='bbox 463 3922 530 3962; x_wconf 77' lang='lat' dir='ltr'><strong>reete</strong></span> <span class='ocrx_word' id='word_1_341' title='bbox 552 3922 691 3979; x_wconf 85' lang='lat' dir='ltr'><strong>opponetur</strong></span> <span class='ocrx_word' id='word_1_342' title='bbox 708 3911 779 3978; x_wconf 78' lang='lat' dir='ltr'>parili</span> <span class='ocrx_word' id='word_1_343' title='bbox 797 3912 850 3963; x_wconf 86' lang='lat' dir='ltr'>for·</span> <span class='ocrx_word' id='word_1_344' title='bbox 878 3913 991 3962; x_wconf 74' lang='lat' dir='ltr'><strong>«saltem</strong></span> <span class='ocrx_word' id='word_1_345' title='bbox 1010 3923 1145 3976; x_wconf 79' lang='lat' dir='ltr'><strong>opera·tua</strong></span> <span class='ocrx_word' id='word_1_346' title='bbox 1156 3931 1178 3961; x_wconf 83' lang='grc' dir='ltr'>ν.</span> <span class='ocrx_word' id='word_1_347' title='bbox 1198 3913 1229 3962; x_wconf 83' lang='lat' dir='ltr'>Et</span> <span class='ocrx_word' id='word_1_348' title='bbox 1243 3913 1316 3962; x_wconf 81' lang='lat' dir='ltr'>hodie</span> <span class='ocrx_word' id='word_1_349' title='bbox 1332 3915 1411 3977; x_wconf 73' lang='lat' dir='ltr'>parti-</span> 
     </span>
     <span class='ocr_line' id='line_1_34' title="bbox 313 3989 1409 4057; baseline -0.001 -15"><span class='ocrx_word' id='word_1_350' title='bbox 313 3991 405 4048; x_wconf 54' lang='lat' dir='ltr'><strong>mulaed</strong></span> <span class='ocrx_word' id='word_1_351' title='bbox 415 3992 566 4050; x_wconf 79' lang='grc' dir='ltr'>πάντεςινεί</span> <span class='ocrx_word' id='word_1_352' title='bbox 574 3991 727 4057; x_wconf 79' lang='grc' dir='ltr'>μίιιιίειιὶ,νε1</span> <span class='ocrx_word' id='word_1_353' title='bbox 737 4006 848 4040; x_wconf 64' lang='lat' dir='ltr'><strong>omnem</strong></span> <span class='ocrx_word' id='word_1_354' title='bbox 876 3989 938 4041; x_wconf 79' lang='lat' dir='ltr'>culae</span> <span class='ocrx_word' id='word_1_355' title='bbox 948 3992 989 4040; x_wconf 77' lang='grc' dir='ltr'>κᾶν</span> <span class='ocrx_word' id='word_1_356' title='bbox 1001 3992 1090 4040; x_wconf 77' lang='lat' dir='ltr'><strong>multus</strong></span> <span class='ocrx_word' id='word_1_357' title='bbox 1101 4002 1138 4040; x_wconf 87' lang='lat' dir='ltr'>est</span> <span class='ocrx_word' id='word_1_358' title='bbox 1147 4008 1204 4040; x_wconf 84' lang='lat' dir='ltr'>usus</span> <span class='ocrx_word' id='word_1_359' title='bbox 1215 4008 1260 4056; x_wconf 80' lang='lat' dir='ltr'>pro</span> <span class='ocrx_word' id='word_1_360' title='bbox 1274 3992 1378 4040; x_wconf 71' lang='lat' dir='ltr'><strong>«saltem</strong></span> <span class='ocrx_word' id='word_1_361' title='bbox 1387 4010 1409 4041; x_wconf 72' lang='grc' dir='ltr'>ι.</span> 
     </span>
     <span class='ocr_line' id='line_1_35' title="bbox 314 4069 1410 4133; baseline -0.001 -13"><span class='ocrx_word' id='word_1_362' title='bbox 314 4069 383 4120; x_wconf 76' lang='lat' dir='ltr'>Alius</span> <span class='ocrx_word' id='word_1_363' title='bbox 391 4080 428 4120; x_wconf 77' lang='lat' dir='ltr'>est</span> <span class='ocrx_word' id='word_1_364' title='bbox 437 4085 523 4120; x_wconf 76' lang='lat' dir='ltr'><strong>sensus</strong></span> <span class='ocrx_word' id='word_1_365' title='bbox 533 4086 587 4120; x_wconf 88' lang='lat' dir='ltr'>cum</span> <span class='ocrx_word' id='word_1_366' title='bbox 597 4070 701 4120; x_wconf 77' lang='lat' dir='ltr'>articulo</span> <span class='ocrx_word' id='word_1_367' title='bbox 712 4073 734 4120; x_wconf 81' lang='grc' dir='ltr'>οἱ</span> <span class='ocrx_word' id='word_1_368' title='bbox 746 4073 836 4120; x_wconf 80' lang='grc' dir='ltr'>πολλοί.</span> <span class='ocrx_word' id='word_1_369' title='bbox 876 4069 989 4118; x_wconf 87' lang='lat' dir='ltr'><strong>Piccolus</strong></span> <span class='ocrx_word' id='word_1_370' title='bbox 1010 4069 1083 4118; x_wconf 81' lang='lat' dir='ltr'><strong>Paulo</strong></span> <span class='ocrx_word' id='word_1_371' title='bbox 1102 4081 1127 4117; x_wconf 83' lang='lat' dir='ltr'>et</span> <span class='ocrx_word' id='word_1_372' title='bbox 1144 4069 1251 4132; x_wconf 83' lang='lat' dir='ltr'><strong>Virginia</strong></span> <span class='ocrx_word' id='word_1_373' title='bbox 1265 4089 1271 4117; x_wconf 83' lang='grc' dir='ltr'>ι</span> <span class='ocrx_word' id='word_1_374' title='bbox 1286 4072 1410 4133; x_wconf 82' lang='grc' dir='ltr'>ἀγαποῡσα</span> 
     </span>
    </p>

    <p class='ocr_par' dir='ltr' id='par_1_11' title="bbox 314 4147 1413 4294">
     <span class='ocr_line' id='line_1_36' title="bbox 348 4147 1410 4218; baseline 0.003 -20"><span class='ocrx_word' id='word_1_375' title='bbox 348 4147 468 4199; x_wconf 57' lang='lat' dir='ltr'>‘Schola</span> <span class='ocrx_word' id='word_1_376' title='bbox 486 4152 609 4215; x_wconf 75' lang='grc' dir='ltr'>ἀντίληψις</span> <span class='ocrx_word' id='word_1_377' title='bbox 622 4158 680 4218; x_wconf 83' lang='grc' dir='ltr'>πρὸς</span> <span class='ocrx_word' id='word_1_378' title='bbox 699 4156 777 4201; x_wconf 82' lang='grc' dir='ltr'>ταῦτα</span> <span class='ocrx_word' id='word_1_379' title='bbox 793 4153 850 4201; x_wconf 86' lang='grc' dir='ltr'>ἑπο-</span> <span class='ocrx_word' id='word_1_380' title='bbox 878 4153 905 4196; x_wconf 71' lang='grc' dir='ltr'>νᾶ</span> <span class='ocrx_word' id='word_1_381' title='bbox 917 4147 978 4210; x_wconf 68' lang='grc' dir='ltr'>ἧμαι</span> <span class='ocrx_word' id='word_1_382' title='bbox 988 4153 1068 4216; x_wconf 58' lang='grc' dir='ltr'>σοφός,</span> <span class='ocrx_word' id='word_1_383' title='bbox 1079 4150 1121 4197; x_wconf 76' lang='grc' dir='ltr'>κᾶν</span> <span class='ocrx_word' id='word_1_384' title='bbox 1129 4148 1168 4196; x_wconf 78' lang='grc' dir='ltr'>διὰ</span> <span class='ocrx_word' id='word_1_385' title='bbox 1179 4154 1206 4195; x_wconf 66' lang='lat' dir='ltr'>v&amp;</span> <span class='ocrx_word' id='word_1_386' title='bbox 1218 4155 1368 4214; x_wconf 80' lang='grc' dir='ltr'>προγινώσκω</span> <span class='ocrx_word' id='word_1_387' title='bbox 1379 4157 1410 4200; x_wconf 86' lang='grc' dir='ltr'>τὰ</span> 
     </span>
     <span class='ocr_line' id='line_1_37' title="bbox 314 4220 1413 4294; baseline 0 -16"><span class='ocrx_word' id='word_1_388' title='bbox 314 4233 371 4292; x_wconf 75' lang='grc' dir='ltr'>μόνη</span> <span class='ocrx_word' id='word_1_389' title='bbox 384 4230 526 4291; x_wconf 82' lang='grc' dir='ltr'>ἀναγκαίως.</span> <span class='ocrx_word' id='word_1_390' title='bbox 877 4229 1017 4289; x_wconf 79' lang='grc' dir='ltr'>μέλλονται</span> <span class='ocrx_word' id='word_1_391' title='bbox 1028 4240 1105 4275; x_wconf 87' lang='lat' dir='ltr'>amem</span> <span class='ocrx_word' id='word_1_392' title='bbox 1113 4226 1198 4274; x_wconf 77' lang='lat' dir='ltr'><strong>doctus</strong></span> <span class='ocrx_word' id='word_1_393' title='bbox 1206 4220 1359 4285; x_wconf 69' lang='lat' dir='ltr'><strong>ess&#39;e,saltem</strong></span> <span class='ocrx_word' id='word_1_394' title='bbox 1371 4229 1413 4294; x_wconf 91' lang='lat' dir='ltr'>qui</span> 
     </span>
    </p>

    <p class='ocr_par' dir='ltr' id='par_1_12' title="bbox 316 4302 1414 4530">
     <span class='ocr_line' id='line_1_38' title="bbox 348 4302 1413 4370; baseline 0.001 -15"><span class='ocrx_word' id='word_1_395' title='bbox 348 4305 359 4332; x_wconf 77' lang='lat'>⁸</span> <span class='ocrx_word' id='word_1_396' title='bbox 373 4306 418 4356; x_wconf 83' lang='lat' dir='ltr'>Est</span> <span class='ocrx_word' id='word_1_397' title='bbox 428 4309 470 4358; x_wconf 78' lang='grc' dir='ltr'>κᾶν</span> <span class='ocrx_word' id='word_1_398' title='bbox 489 4308 567 4370; x_wconf 80' lang='grc' dir='ltr'>δείξας</span> <span class='ocrx_word' id='word_1_399' title='bbox 583 4306 726 4357; x_wconf 79' lang='lat' dir='ltr'><strong>vertendum</strong></span> <span class='ocrx_word' id='word_1_400' title='bbox 743 4307 851 4357; x_wconf 58' lang='lat' dir='ltr'><strong>«saltem</strong></span> <span class='ocrx_word' id='word_1_401' title='bbox 877 4305 957 4354; x_wconf 83' lang='lat' dir='ltr'>futura</span> <span class='ocrx_word' id='word_1_402' title='bbox 971 4317 1122 4368; x_wconf 80' lang='lat' dir='ltr'><strong>praenoseam</strong></span> <span class='ocrx_word' id='word_1_403' title='bbox 1138 4321 1160 4350; x_wconf 79' lang='grc' dir='ltr'>ν.</span> <span class='ocrx_word' id='word_1_404' title='bbox 1178 4302 1301 4367; x_wconf 81' lang='lat' dir='ltr'><strong>Interpres</strong></span> <span class='ocrx_word' id='word_1_405' title='bbox 1315 4305 1413 4356; x_wconf 84' lang='lat' dir='ltr'><strong>Graecus</strong></span> 
     </span>
     <span class='ocr_line' id='line_1_39' title="bbox 316 4379 1413 4453; baseline 0.003 -21"><span class='ocrx_word' id='word_1_406' title='bbox 316 4382 526 4437; x_wconf 71' lang='lat' dir='ltr'><strong>demonstratione</strong></span> <span class='ocrx_word' id='word_1_407' title='bbox 551 4387 615 4436; x_wconf 80' lang='lat' dir='ltr'><strong>facta</strong></span> <span class='ocrx_word' id='word_1_408' title='bbox 632 4405 655 4436; x_wconf 79' lang='grc' dir='ltr'>ι.</span> <span class='ocrx_word' id='word_1_409' title='bbox 677 4387 713 4435; x_wconf 78' lang='lat' dir='ltr'>De</span> <span class='ocrx_word' id='word_1_410' title='bbox 738 4387 779 4436; x_wconf 80' lang='grc' dir='ltr'>κᾶν</span> <span class='ocrx_word' id='word_1_411' title='bbox 806 4402 851 4451; x_wconf 84' lang='lat' dir='ltr'>pro</span> <span class='ocrx_word' id='word_1_412' title='bbox 878 4383 988 4433; x_wconf 77' lang='lat' dir='ltr'>Alexidis</span> <span class='ocrx_word' id='word_1_413' title='bbox 1008 4379 1202 4447; x_wconf 81' lang='lat' dir='ltr'><strong>Wyttenbachiae</strong></span> <span class='ocrx_word' id='word_1_414' title='bbox 1219 4402 1224 4430; x_wconf 94' lang='lat'><strong>:</strong></span> <span class='ocrx_word' id='word_1_415' title='bbox 1244 4384 1281 4433; x_wconf 76' lang='grc' dir='ltr'>δὲν</span> <span class='ocrx_word' id='word_1_416' title='bbox 1299 4387 1413 4453; x_wconf 80' lang='grc' dir='ltr'>ἐριλοιει-</span> 
     </span>
     <span class='ocr_line' id='line_1_40' title="bbox 318 4463 1414 4530; baseline 0.002 -16"><span class='ocrx_word' id='word_1_417' title='bbox 318 4464 451 4516; x_wconf 70' lang='lat' dir='ltr'>«saltemn</span> <span class='ocrx_word' id='word_1_418' title='bbox 472 4464 505 4515; x_wconf 80' lang='lat' dir='ltr'>ad</span> <span class='ocrx_word' id='word_1_419' title='bbox 521 4464 649 4516; x_wconf 71' lang='lat' dir='ltr'><strong>Anecdota</strong></span> <span class='ocrx_word' id='word_1_420' title='bbox 669 4464 787 4530; x_wconf 83' lang='lat' dir='ltr'>Nova,p.</span> <span class='ocrx_word' id='word_1_421' title='bbox 808 4466 848 4512; x_wconf 70' lang='lat'>29.</span> <span class='ocrx_word' id='word_1_422' title='bbox 878 4469 963 4514; x_wconf 82' lang='grc' dir='ltr'>κοῦσαν</span> <span class='ocrx_word' id='word_1_423' title='bbox 981 4465 1022 4513; x_wconf 81' lang='grc' dir='ltr'>κάν</span> <span class='ocrx_word' id='word_1_424' title='bbox 1043 4463 1084 4512; x_wconf 80' lang='grc' dir='ltr'>διὰ</span> <span class='ocrx_word' id='word_1_425' title='bbox 1105 4469 1135 4512; x_wconf 82' lang='grc' dir='ltr'>τὰ</span> <span class='ocrx_word' id='word_1_426' title='bbox 1157 4469 1266 4515; x_wconf 59' lang='grc' dir='ltr'>τοιαῦτα</span> <span class='ocrx_word' id='word_1_427' title='bbox 1287 4485 1297 4508; x_wconf 77' lang='lat' dir='ltr'><strong>n</strong></span> <span class='ocrx_word' id='word_1_428' title='bbox 1313 4466 1344 4515; x_wconf 82' lang='lat' dir='ltr'>nb</span> <span class='ocrx_word' id='word_1_429' title='bbox 1358 4466 1414 4517; x_wconf 73' lang='lat' dir='ltr'><strong>[alia</strong></span> 
     </span>
    </p>
   </div>
   <div class='ocr_carea' id='block_1_8' title="bbox 1253 4548 1271 4602">
    <p class='ocr_par' dir='ltr' id='par_1_13' title="bbox 1253 4548 1271 4602">
     <span class='ocr_line' id='line_1_41' title="bbox 1253 4548 1271 4602; baseline 0 0"><span class='ocrx_word' id='word_1_430' title='bbox 1253 4548 1271 4602; x_wconf 89' lang='lat'><strong>7</strong></span> 
     </span>
    </p>
   </div>
   <div class='ocr_carea' id='block_1_9' title="bbox 0 0 1860 5659">
    <p class='ocr_par' dir='ltr' id='par_1_14' title="bbox 0 0 1860 5659">
     <span class='ocr_line' id='line_1_42' title="bbox 0 0 1860 5659; baseline 0 0"><span class='ocrx_word' id='word_1_431' title='bbox 0 0 1860 5659; x_wconf 95' lang='lat' dir='ltr'> </span> 
     </span>
    </p>
   </div>
  </div>
 </body>
</html>
