3684 5659
767 619 831 680 ΚΑΙ
859 620 1079 682 ΦΙΛΑΓΡΙΟΣ.
1396 617 1467 686 275

372 755 418 820 ε’πί
438 757 472 820 τό
489 751 598 830 κῆδος1
616 757 869 837 ἀπαντήσαντας,
890 751 943 818 διὰ
961 756 1013 825 τὴν
1031 758 1181 821 ἀπουσίαν
1201 755 1325 840 αύτούί,
1349 758 1463 848 ἔλεγεν·

372 862 556 954 «Αἰδοῦμαι
573 865 679 956 μικρὸν
695 859 817 930 παιδίον
836 868 879 941 εἰς
896 871 1038 930 τοσοῦτον
1055 867 1146 955 ὄχλον
1162 867 1290 959 ἐκφέρων
1306 892 1334 930 ν,

421 1010 485 1107 μοι’.
505 1016 729 1109 Σχολαστικός8
741 1022 840 1086 οἰκίαν
853 1019 973 1104 πωλῶν,
990 1020 1071 1085 λίθον
1086 1020 1139 1085 ἀπ’
1154 1018 1266 1097 αὐτῆς*
1282 1026 1323 1098 εἰς
1339 1018 1469 1114 δεῖγμαὅ

371 1130 536 1221 περιέφερε.

421 1270 484 1366 pe'.
514 1275 747 1366 Σχολοιστικῶν6
773 1276 828 1343 δύο
856 1275 1032 1364 ὁδευόντων,
1059 1305 1075 1336 (ι
1098 1281 1225 1372 οἰτερος,
1254 1291 1308 1357 τῆς
1334 1284 1467 1374 γαστρός

373 1389 625 1483 ἀναγκαζούσης,
647 1390 753 1482 μικρὸν
773 1390 948 1481 ἀπελείφθη.
969 1389 1073 1484 Εὑρὼν
1090 1389 1123 1456 δὲ
1143 1391 1172 1456 ἰν
1189 1401 1231 1479 τῷ
1253 1392 1342 1480 ριλίῳ
1363 1394 1467 1484 ἐπιγε-

371 1503 542 1594 γραμμένον
559 1503 643 1592 παρὰ
660 1507 712 1566 τοῦ
732 1499 850 1593 ἑτέρον,
871 1526 886 1559 (ι
900 1500 1066 1567 Κατάλαὲέ
1082 1527 1119 1590 με
1133 1526 1213 1567 »....

421 1641 484 1739 pty'.
511 1645 735 1737 Exoloecttnog⁷
754 1647 891 1725 οἰκούσας
913 1658 1000 1714 τινῶν
1023 1651 1164 1716 εἰπόντων
1183 1649 1257 1737 lul,
1279 1680 1292 1706 (ι
1316 1635 1467 1744 (δπώγων

372 1785 428 1825 σου
455 1757 514 1832 ἤδη
542 1764 717 1852 ἔρχεται»,
744 1761 879 1826 οἰπελδὼν
907 1765 949 1836 εἰς
971 1762 1024 1831 τὴν
1045 1761 1157 1847 πύλην,
1184 1760 1338 1852 ἐξεδέχετο
1362 1764 1465 1830 αὐτόν.

372 1849 483 1963 ἕτερος
502 1867 535 1935 δὲ
554 1872 607 1941 τὴν
625 1873 775 1962 πρόφασιν
788 1870 943 1963 ἐρωτήσας
952 1869 977 1954 ⁹,
992 1874 1043 1937 καί
1059 1872 1161 1962 γνούς,
1180 1877 1343 1951 «Εἰκότως
1359 1900 1374 1933 ο
1388 1872 1465 1958 εἷπε,

371 2006 389 2039 ι(
405 1983 499 2073 μωροὶ
514 1979 735 2069 νομιζόμεθαω.
756 1982 848 2045 Πόθεν
865 1983 925 2072 γὰρ
943 1979 1031 2059 οἶδας
1049 1986 1073 2047 εἰ
1091 1978 1144 2047 διὰ
1159 1983 1262 2075 ἐτέρας
1278 1984 1372 2061 πύλης
1389 1981 1469 2050 ούκ“

373 2096 496 2185 ἔρχεται
513 2114 546 2173 ν;
613 2147 616 2151 .

372 2325 420 2395 οὖν)
429 2333 515 2387 πλῆθος
525 2332 582 2379 λαοῦ
589 2331 702 2378 συνελθεῖν
715 2324 782 2390 (Cor.
793 2329 907 2387 συνελθόν,
934 2325 1158 2388 minellthenaeus,
1169 2331 1338 2393 l2,79‚sgens
1347 2346 1377 2380 ex
1385 2331 1469 2380 Clear-

372 2407 514 2473 eonjectura
526 2404 614 2468 inutili)
624 2406 709 2468 ἔλεγεν·
718 2407 865 2469 Αἰσχύνομαι
875 2407 908 2462 εἰς
934 2402 981 2452 cho
998 2403 1030 2453 de
1047 2421 1093 2453 usu
1108 2405 1180 2454 flores
1199 2423 1228 2454 ac
1247 2407 1341 2457 fructus
1359 2408 1469 2458 manibus

373 2495 483 2540 τοσοῦτον
492 2488 561 2552 ὄχλον
570 2493 652 2554 μικρὸν
666 2485 762 2534 παιδίον
775 2490 906 2552 προφέρειν.
934 2481 1038 2541 ferendi,
1047 2498 1061 2531 ο
1071 2491 1156 2532 natum
1166 2483 1200 2531 ait
1211 2485 1332 2548 perillam
1343 2501 1373 2534 ex
1383 2486 1469 2536 florum

317 2610 319 2615 .
407 2566 416 2593 ¹
428 2567 466 2626 Μ,
477 2568 516 2616 ἐπὶ
531 2575 573 2623 τὴν
587 2566 689 2620 κηδείαν.
935 2574 964 2608 ac
977 2571 981 2576 “
992 2561 1113 2610 fructuum
1142 2561 1260 2611 suavitate
1282 2562 1469 2614 delectationem

405 2643 507 2695 ’Verba
519 2646 560 2694 διὰ
572 2653 614 2701 τὴν
629 2647 744 2694 ἀπουσίαν
756 2643 839 2702 αὐτοῦ,
854 2659 908 2708 quae
934 2638 1045 2688 homines
1060 2639 1191 2703 significari
1206 2641 1246 2705 qui
1261 2641 1310 2690 sint
1322 2642 1470 2704 pulcritudi-

372 2735 430 2774 sunt
438 2723 558 2783 difficilia,
570 2722 686 2788 proeteriit
697 2722 830 2771 Pontinus.
845 2721 907 2770 For·
934 2716 972 2765 nis
987 2717 1084 2779 cupidi;
1103 2719 1144 2766 διὰ
1157 2724 1227 2768 τοῦτο
1246 2714 1284 2768 οὖν
1301 2723 1370 2768 οἱονεὶ
1383 2721 1469 2784 δεῖγμα

373 2813 438 2852 tasse
449 2800 649 2859 rescribendum,
663 2806 807 2868 περιουσίαν,
822 2818 832 2841 ι
846 2815 908 2864 pro·
935 2805 976 2851 τῆς
990 2795 1061 2859 ὄψεως
1075 2801 1105 2845 τὰ
1120 2800 1197 2863 ὡραῖα
1210 2802 1273 2859 μετὰ
1284 2808 1365 2865 χεῖρας
1380 2800 1469 2862 ἔχουσι.

372 2891 429 2945 pter
445 2895 559 2944 magnum
574 2877 627 2943 ejus
639 2878 664 2927 in
683 2877 781 2927 civitate
800 2893 909 2942 momen-
934 2874 1027 2924 Nomen
1048 2874 1119 2939 ὄψεως
1137 2874 1262 2938 displicuit
1282 2876 1409 2937 Jacobsio,
1428 2880 1469 2943 qni

375 2969 425 3009 tum
437 2977 466 3019 ις
487 2958 526 3007 vel
543 2964 683 3026 παρουσίαν,
706 2968 832 3022 «propter
855 2956 907 3022 ejus
934 2953 1062 3018 proposuit
1073 2956 1167 3021 ὀρέξεως
1179 2969 1208 3003 ec
1219 2958 1332 3022 τέρψεως,
1349 2954 1471 3020 Schweig-

372 3036 527 3100 praesentiem
540 3054 568 3094 ν,
582 3035 648 3101 quod
661 3035 714 3100 ipse
728 3036 822 3085 scilicet
832 3035 907 3085 ades·
934 3033 1044 3083 haensero
1057 3033 1097 3099 qui
1109 3038 1204 3102 ρύσεως.
1217 3032 1290 3098 Atqui
1301 3033 1363 3082 dixit
1371 3034 1469 3098 quidem

373 3125 420 3173 set,
431 3123 504 3178 atque
516 3123 543 3163 nt
555 3114 600 3179 ipsi
612 3114 730 3164 honorem
741 3112 850 3164 debitum
865 3113 907 3162 tri·
935 3111 1054 3161 Isocrates
1065 3113 1168 3161 Demon.
1177 3111 1193 3177 S
1203 3115 1232 3161 3:
1242 3113 1328 3175 δεῖγμα
1336 3113 1360 3160 δὲ
1370 3123 1410 3168 τῆς
1420 3110 1469 3162 ‘Irr-

373 3193 478 3244 buerent
488 3211 511 3242 r.
936 3198 1028 3240 πονίκου
1044 3195 1130 3259 φύσεως
1141 3197 1178 3240 νῦν
1197 3194 1372 3254 ἐξενηνόχαμεν.
1386 3190 1435 3240 Sed
1448 3192 1469 3239 si

407 3272 472 3321 ³Est
485 3271 516 3319 39
534 3271 559 3320 in
578 3271 617 3332 M3
632 3272 663 3320 ll
679 3271 703 3320 in
717 3271 756 3331 P.;
772 3272 786 3318 9
801 3271 825 3319 in
844 3269 907 3318 lldd.
936 3269 1007 3334 ὄψεως
1026 3270 1184 3329 mutandum,
1200 3285 1230 3320 ac
1253 3269 1395 3319 mutandum
1415 3271 1470 3334 opi-

374 3361 399 3400 et
419 3350 465 3401 tto.
481 3350 625 3400 conferatur
638 3349 764 3400 historiola
777 3348 862 3399 similis
877 3348 908 3396 de
936 3363 991 3402 nor,
1017 3348 1100 3397 malim
1128 3348 1210 3411 legere
1239 3350 1315 3406 ἕξεως.
1341 3347 1470 3407 Liberius,

373 3425 574 3494 Gumae0§pv9'.
937 3436 953 3474 t.
967 3424 1009 3485 IV,
1027 3441 1053 3489 p.
1067 3426 1114 3472 628
1127 3445 1133 3473 :
1145 3435 1179 3488 μὴ
1190 3428 1218 3474 σύ
1232 3446 1258 3486 γε
1272 3424 1394 3486 ταῦτα,ὦ
1410 3436 1469 3484 παῖ,

406 3507 566 3558 ‘Hieroclem
578 3507 667 3572 legisse
680 3505 802 3572 putandus
814 3516 851 3554 est
860 3504 907 3553 llo·
935 3511 966 3554 τὰ
976 3507 1000 3553 ἐκ
1009 3511 1050 3554 τοῦ
1061 3507 1164 3568 πολέμου
1176 3506 1307 3567 δείγματα,
1320 3505 1381 3552 ἀλλά
1392 3523 1433 3567 μοι
1443 3513 1470 3553 το

373 3587 491 3642 minicns,
506 3586 593 3636 sonnio
609 3586 651 3636 ille
672 3582 792 3645 celebris,
813 3584 869 3650 qui,
883 3584 907 3632 in
935 3586 1031 3640 ἥδιστον
1049 3584 1131 3632 ἐκεῖνο.
1156 3582 1203 3631 Pro
1228 3584 1362 3646 δείγματα,
1384 3592 1421 3631 est
1445 3580 1470 3630 in

374 3665 493 3728 co'moedia
517 3665 620 3730 quedam
649 3663 796 3730 possessoris
826 3672 909 3726 partes
936 3661 993 3710 cod.
1010 3662 1085 3719 3017,
1105 3662 1222 3724 δείματα,
1237 3659 1303 3725 quod
1322 3670 1359 3710 est
1379 3661 1471 3725 praele-

373 3743 478 3808 implens
493 3743 592 3794 domum
606 3743 767 3798 venditantis,
780 3742 909 3792 certiorem
936 3738 1048 3788 rendum.

375 3831 401 3871 ut
411 3823 505 3872 faceret
518 3831 653 3886 emptorem
663 3837 713 3871 non
725 3822 771 3886 ipsi
784 3836 798 3868 a
811 3835 838 3870 se
849 3820 910 3869 insi·
970 3816 980 3843 ⁸
991 3817 1066 3868 Abest
1078 3832 1108 3865 ex
1123 3816 1198 3878 Ede,
1216 3817 1240 3866 Μ
1259 3828 1283 3866 ει
1296 3817 1323 3867 Ρ.
1340 3817 1471 3867 Historioltt

374 3899 426 3949 diae
445 3899 511 3959 fieri,
526 3915 605 3965 neque
618 3910 675 3950 ente
692 3900 797 3964 pretium
810 3898 909 3948 avellier
936 3897 1020 3945 mutila
1038 3907 1075 3945 est
1093 3897 1116 3944 in
1137 3896 1200 3956 line,
1220 3913 1293 3962 quam
1315 3897 1470 3959 integriorem

374 3993 446 4041 quam
458 3983 564 4028 mercem
578 3978 656 4044 qualis
666 3979 698 4028 sit
709 3986 822 4027 cerneret
832 3976 910 4027 oculis
936 3975 1023 4040 legesis
1033 3974 1049 4040 ς
1061 3977 1120 4043 ρλ6’.

374 4056 428 4121 ipse
445 4057 509 4116 suis,
520 4057 613 4121 grande
627 4057 702 4107 rudus
716 4072 730 4105 e
744 4071 804 4121 pera
821 4054 910 4119 depro-
970 4053 1036 4102 'list
1053 4054 1085 4100 to
1099 4053 1122 4101 in
1140 4054 1178 4111 M,
1199 4053 1230 4100 413
1252 4054 1276 4102 in
1297 4052 1324 4100 P.
1347 4051 1422 4100 Abest
1440 4051 1472 4100 ab

375 4131 470 4192 mebat,
489 4133 585 4183 edificii
606 4135 745 4200 specimen,
765 4132 909 4182 Cotolendio
936 4131 1001 4184 Edo.

376 4221 437 4261 teste
448 4212 473 4261 in
487 4211 675 4278 Arliquinisnis,
688 4229 715 4277 p.
727 4215 750 4261 5.
766 4212 909 4261 conseretur
970 4208 979 4235 ⁸
990 4209 1028 4268 tt,
1038 4215 1104 4275 παρα
1116 4228 1185 4258 τινων
1199 4209 1246 4259 ὅτι.

375 4289 491 4340 llevillins
529 4291 673 4341 Praelntione
711 4289 908 4350 Bievrionorum,
970 4287 1120 4353 ⁹ll,r'rtpon
1134 4288 1160 4336 δὲ
1169 4306 1192 4338 τ.
1208 4308 1250 4355 πρ.
1263 4287 1430 4355 ἐρωτήσαντος.

376 4386 400 4434 p·
414 4371 452 4420 13.
971 4365 993 4392 ¹⁰
1004 4366 1075 4415 Conf.
1089 4364 1122 4430 §ss
1135 4361 1170 4423 ιε’,
1186 4363 1227 4415 νύ.

411 4448 598 4512 'Pervulgatnm
613 4457 650 4498 est
669 4449 754 4511 δεῖγμα
778 4446 808 4496 de
825 4446 909 4510 speci·
971 4444 1163 4504 ¹¹ll‚sineoinr.
