3684 5659
375 617 444 686 tto
710 578 744 682 ιζ
774 623 848 682 ror
873 619 1129 681 nnxrnnrorr

373 757 424 818 καὶ
453 757 624 845 ἀγρευθήση
654 752 767 840 μᾶλλον
792 761 828 840 τῇ
853 752 964 817 τούτων
987 752 1119 818 συνέσει’
1146 757 1200 819 καὶ
1228 757 1339 844 ἀρετῇ,
1375 756 1473 848 ήπερ’

374 863 531 956 ἀγρεύσεις
547 889 583 952 τη
602 864 790 934 πιθανότητι.

421 976 461 1038 Τὸ
484 983 541 1038 τῶν
563 975 658 1060 νόμων
682 971 846 1063 ὑπερορᾷν,
872 975 924 1037 καὶ
949 979 1047 1038 ταῦτα
1069 975 1192 1045 πολίτην
1211 980 1300 1059 ὅντα,
1322 979 1375 1041 καὶ
1398 977 1470 1042 λίαν

373 1080 485 1175 βαρύῧ·
510 1085 561 1148 καί
579 1087 604 1148 εἰ
622 1084 663 1170 μή
680 1083 781 1169 νόμοις
801 1082 816 1145 ὁ
833 1077 917 1146 δεινοί
933 1083 974 1169 μή
990 1085 1127 1155 πείθεται
1142 1085 1159 1148 ὅ
1174 1108 1202 1148 τι
1220 1089 1466 1175 προςτοίσσονσι,

372 1197 428 1258 τίνι
443 1196 637 1264 πεισθήσεται
652 1193 752 1280 όίλλῳς
768 1173 840 1256 Ᾰλλ’
857 1192 911 1257 οὐκ
928 1197 952 1257 εἰ
969 1189 1063 1258 δεινὸν
1076 1195 1109 1259 τό
1123 1203 1181 1259 τῶν
1192 1197 1289 1282 νόμων
1301 1195 1465 1289 ὑπερορᾷν,

373 1302 538 1395 ὑπερόπτης
559 1303 617 1394 ε’γὼ
637 1311 695 1367 τῶν
712 1303 808 1389 νόμων
823 1302 921 1378 εύθύς.
932 1284 1017 1367 Ἐπεί
1032 1329 1078 1368 τοι
1097 1307 1202 1394 γεκαὶ
1221 1301 1318 1370 δεινόν
1335 1307 1351 1371 ὁ
1369 1331 1467 1372 συκο-

373 1410 512 1499 φοίντηςί,
537 1410 645 1496 δεινόν,
668 1408 692 1476 ὦ
715 1420 753 1503 γή
774 1415 825 1477 καὶ
844 1407 1067 1490 enti—[tog
1090 1417 1150 1505 γὰρ
1170 1418 1222 1492 ού;
1244 1412 1405 1493 διαθολεύς
1427 1419 1467 1484 ὢν

372 1530 425 1589 τοῦ
438 1524 546 1608 καλοῦ,
561 1526 613 1589 καὶ
627 1519 719 1610 μηδὲν
731 1522 785 1587 ε’ὡν
795 1531 853 1587 τῶν
865 1523 1034 1588 καλλίστων
1047 1528 1336 1617 ἀκατηγόρητον-
1348 1527 1416 1593 ἀλλ’
1432 1529 1466 1594 ού

374 1631 427 1699 διὰ
442 1640 558 1714 ταῦτα,
578 1635 743 1697 καὶταῦτα
757 1635 944 1722 συκοφάντην
961 1656 995 1696 σε
1012 1635 1118 1725 κρίνων
1132 1638 1186 1700 καί
1204 1660 1259 1700 σου
1274 1638 1309 1701 τὸ
1327 1638 1465 1728 ἔγκληρα

373 1751 459 1809 τοῦτο
481 1745 729 1835 καταγινώσκων,
748 1737 808 1813 ήδη
827 1744 878 1806 καὶ
897 1743 1032 1834 αἱρήσειν
1050 1742 1203 1820 aindoma*
1220 1745 1360 1834 ἰσχύσω,
1380 1752 1406 1812 εί
1424 1753 1464 1834 μή

373 1880 407 1945 γε
434 1851 521 1930 δείξω
548 1851 674 1928 δικαίως
696 1855 748 1917 καὶ
776 1855 965 1942 παραστήσω
987 1853 1099 1925 ταύτην
1126 1880 1174 1920 σοι
1199 1857 1252 1925 τήν
1278 1862 1468 1950 κατηγορίαν.

372 1968 592 2054 προςήκονσαν.
1426 2036 1430 2041 .

422 2078 457 2138 Τί
472 2078 568 2139 τοίνυν
586 2075 670 2165 ἀφεὶς
684 2069 830 2140 δεικνύειν
847 2083 905 2139 τῶν
922 2077 1105 2166 παρανόμων
1120 2075 1188 2162 ε’ριέ,
1205 2077 1257 2147 τήν
1271 2081 1463 2168 παρανομίαν

374 2182 473 2260 αὔξειν
490 2185 668 2277 ἐπιχειρεῖς,
692 2187 744 2250 καὶ
769 2185 902 2250 κλέπτειν
925 2186 1013 2261 ζῆλον
1034 2195 1123 2276 πειρᾷ
1139 2188 1280 2273 πολιτῶν,
1300 2191 1354 2253 καὶ
1374 2197 1463 2267 κινεῖς

374 2296 465 2362 αὑτὸν
482 2299 524 2371 εἰς
541 2291 710 2365 καταδίκην
732 2296 851 2377 ἀθώου,
872 2298 924 2393 καὶ
947 2307 1127 2387 κακουργεῖς
1143 2297 1250 2388 λέγων,
1269 2298 1312 2374 ὡς
1327 2304 1415 2364 τοῦτο
1430 2301 1462 2363 τό

374 2403 405 2481 ἐξ
426 2405 548 2495 ἑταίρας
572 2411 662 2480 ὅντως
681 2404 762 2469 ἐστὶν
783 2406 820 2470 ἂν
843 2405 876 2470 ἐκ
896 2407 1006 2497 πόρνου
1029 2431 1074 2482 τις
1095 2410 1237 2497 γεννηθῇ;
1261 2384 1338 2496 lipsi
1362 2409 1459 2501 λόγον,

374 2517 438 2583 εἰπέ
462 2543 530 2605 μοι,
554 2523 659 2595 τοῦτο,
685 2512 729 2580 εἰ6
744 2518 778 2581 τό
795 2528 896 2609 χεῖρον
915 2514 1063 2582 δεικνύναι
1079 2523 1222 2583 ποιοῦντα
1237 2520 1288 2583 τὸν
1306 2519 1340 2584 ἐκ
1356 2523 1462 2612 πόρνου

374 2631 460 2700 ήτόν
478 2625 508 2704 ἐξ
524 2627 646 2719 ἑταίρας
666 2624 896 2720 δημηγοροῦντα
906 2650 915 2707 ;
935 2637 998 2704 πῶς
1016 2631 1068 2693 καὶ
1087 2631 1154 2693 τίνα
1171 2631 1296 2721 τρόπον,

424 2737 537 2809 Φήσειῖ
548 2735 578 2802 δ’
590 2745 663 2814 ἴσως
677 2728 858 2830 λογρναχών
872 2742 914 2814 εἰς
927 2740 1023 2822 κενόν,
1038 2738 1126 2804 πάντ’
1138 2742 1340 2828 ἀναίσχυντος
1353 2747 1406 2825 ὥν,
1423 2742 1461 2817 ὡς

374 2849 461 2916 πλέον
479 2848 578 2937 ἰσχύει
593 2851 691 2939 πατήρ
709 2858 761 2923 τής
782 2851 892 2939 μητρός
909 2849 955 2915 ε’πί
975 2858 1011 2919 τή
1029 2858 1087 2914 τῶν
1102 2850 1211 2915 τέκνων
1227 2853 1390 2942 ἀναγωγῇ,
1411 2855 1459 2917 καί

375 3115 400 3163 p.
417 3095 620 3167 ἳθθεἜρῥιπτεν
635 3102 903 3167 ἐκτὸςνεκρίινεκρὸντὸ
965 3099 1460 3170 'Cod.‚et'rtep.idemestmendump.7‚
1510 3114 1516 3135 ί

374 3185 465 3246 βρέγος·
485 3193 510 3241 p.
526 3178 629 3226 θθεἍτε
641 3183 799 3234 σκοτισθείςτὸ
810 3184 904 3246 φρονοῦν
932 3193 956 3227 n.
972 3181 995 3227 3.
1282 3221 1287 3227 .

374 3264 413 3306 καὶ
427 3264 453 3306 τὸ
466 3265 550 3323 κρῖνον.
563 3255 683 3320 Scriptum
697 3267 733 3305 est
742 3264 825 3324 κρίνον,
838 3257 904 3322 quod
964 3255 1037 3305 ὅΝυιι
1050 3256 1120 3305 deest
1135 3256 1269 3320 epithetum
1285 3267 1343 3306 ante
1358 3263 1399 3306 καί
1412 3261 1461 3307 λίαν

373 3335 450 3399 possit
464 3334 580 3399 relinqui,
593 3346 619 3383 ut
631 3336 715 3384 saitem
727 3337 803 3385 oeulis
817 3337 904 3400 volupe
931 3339 1041 3403 βαρύ,ιιι
1053 3336 1098 3393 sit,
1108 3336 1176 3384 verbi
1188 3350 1273 3393 causa,
1287 3343 1350 3405 βαρὺ
1361 3345 1401 3386 καὶ
1412 3341 1460 3385 λίαν

374 3417 418 3476 sit3
431 3425 456 3464 et
468 3422 546 3483 στίρος
557 3415 627 3465 etiam
642 3414 714 3464 scribi
728 3416 762 3464 nii
777 3415 886 3480 impedit.
931 3418 1002 3483 βαρύ.
1022 3414 1113 3463 Eadem
1128 3413 1246 3464 brevitate
1264 3416 1327 3465 infra
1338 3424 1394 3466 ικαὶ
1411 3420 1461 3465 λίαν

408 3493 415 3518 ¹
435 3492 507 3552 Cod.‚
529 3501 644 3550 συνοίσει,
670 3510 700 3542 ox
724 3494 903 3558 permutatione
931 3496 1008 3540 καλόν·
1020 3500 1058 3541 καὶ
1069 3496 1121 3540 λίαν
1133 3496 1224 3559 θρασύς·
1243 3501 1282 3543 καὶ
1297 3498 1349 3545 λίαν
1362 3506 1409 3544 τῶν
1423 3497 1461 3544 ἓν·

373 3571 444 3619 toties
456 3581 588 3620 memorata
598 3573 716 3620 vocalium
729 3593 754 3621 αι
768 3593 788 3622 ε.
803 3572 904 3620 Chaere-
929 3576 1024 3633 τέχναν.

373 3663 429 3696 mon
451 3649 540 3697 Stobaei
561 3650 609 3698 Tit.
633 3652 692 3706 105,
717 3651 762 3707 92,
782 3665 853 3715 quern
873 3663 903 3697 ex
962 3646 1043 3696 ‘Vide
1057 3647 1087 3695 de
1097 3648 1144 3696 hoe
1154 3649 1207 3697 loeo
1225 3666 1250 3713 p.
1268 3652 1328 3706 t‚n.
1343 3652 1368 3699 3.

372 3725 491 3788 probabili
511 3726 586 3774 Grotii
610 3727 779 3777 emendatione
802 3725 901 3776 citabo:
962 3724 1103 3774 ‘Videlicet
1114 3731 1204 3794 ψήροις.
1218 3725 1279 3775 Vide
1292 3745 1317 3791 p.
1333 3730 1380 3787 60,
1396 3744 1421 3777 ιι.
1433 3730 1458 3775 7.

372 3809 544 3866 Συνέσει,γένει
560 3824 586 3853 τε
600 3810 684 3869 πρόσθε
700 3811 738 3853 καὶ
752 3806 806 3872 δόξῃ
820 3809 901 3868 μέγας.
963 3800 1024 3852 ‘’Sie
1051 3803 1138 3852 codex·
1166 3804 1276 3853 Fortasse
1301 3805 1459 3870 repetendum

373 3880 408 3928 ibi
422 3881 494 3929 estin
508 3882 593 3929 codice
606 3887 644 3930 σὺν
655 3884 728 3930 αίσσι.
742 3881 903 3946 pachymeres
929 3882 978 3944 ἔχει
991 3903 997 3930 ι
1011 3884 1059 3945 ἔχει
1073 3887 1148 3944 λόγον,
1166 3887 1216 3932 εἰπέ
1234 3904 1290 3947 μοι,
1307 3890 1392 3942 ‘roim
1410 3885 1458 3949 ἔχει

373 3959 433 4009 Hist.
456 3958 531 4009 Andr.
556 3963 585 4020 5,
608 3962 651 4018 12,
670 3976 695 4025 p.
719 3961 765 4007 394
782 3979 789 4008 ι
804 3968 843 4015 τὴν
858 3967 904 4027 γὰρ
930 3962 1213 4028 τὸχεῐρσνδεικνύνκι....

372 4034 519 4106 Ἐκατερίναν
529 4043 540 4088 ὁ
551 4044 592 4088 τοῦ
604 4041 672 4107 ῥῆγος
681 4039 775 4106 ἀδελφὸς
788 4041 903 4101 simper
962 4038 971 4063 ⁷
982 4039 1080 4088 Schoi.:
1097 4045 1154 4106 πρός
1166 4061 1200 4088 τι.
1219 4040 1272 4088 Huc
1285 4038 1367 4090 refero
1384 4040 1459 4090 seho-

373 4121 494 4180 ὶαμθίινει.
518 4117 615 4177 Codex,
635 4121 729 4169 Αἰκατ..
749 4119 802 4183 quae
817 4117 903 4166 melior
927 4117 985 4165 lium
1002 4118 1068 4182 quod
1088 4119 1111 4165 in
1131 4133 1224 4166 summo
1242 4118 1336 4181 paginae
1352 4120 1459 4184 margine

373 4196 491 4259 scriptura
505 4197 558 4245 aliis
572 4198 595 4245 in
612 4197 672 4246 locis
689 4195 844 4261 Paehymeris
859 4211 905 4244 re-
927 4194 1043 4257 scripturn
1061 4205 1112 4242 est:
1125 4204 1254 4258 σημείωσαι
1275 4197 1312 4245 ὅτι
1329 4202 1368 4244 καὶ
1386 4203 1459 4261 Δημο·

373 4273 475 4333 peritur.
490 4274 642 4324 Herodianus
657 4275 737 4339 Epim.
752 4291 778 4339 p.
791 4276 822 4322 λθ
836 4294 842 4322 :
858 4276 903 4322 At·
927 4276 1003 4327 σθένης
1026 4275 1048 4320 ἐν
1065 4283 1098 4341 τῷ
1119 4281 1181 4324 κατὰ
1200 4277 1297 4323 Μειδίου
1318 4284 1412 4340 πρῶτον
1430 4287 1460 4342 τῇ

372 4353 902 4419 neptia,>copronvidendusMenagiusde
927 4354 1066 4406 πηλικότητι
1089 4355 1220 4419 ἐχρήσατο,
1239 4360 1279 4402 καὶ
1298 4363 1332 4418 τῷ
1358 4359 1415 4420 πρός
1435 4374 1459 4402 τι

371 4429 459 4476 Sancta
473 4428 603 4478 Catharina
617 4432 677 4481 Hist.
696 4432 754 4480 mni.
771 4429 899 4494 ppharum.
925 4434 1061 4490 μετέπειτα.
