3684 5659
817 611 974 671 ΜΕΛΕΤΗ
999 600 1042 672 Δί.
1427 612 1473 680 69

377 739 513 830 σφαγὴν1
532 744 584 807 καὶ
604 748 815 830 σνμπεσούμαι
833 753 895 817 τοῖς
912 743 941 807 ἐν
960 754 1001 830 τῷ
1018 746 1137 834 πολέμῳ
1155 755 1299 832 πεσοῦσι,
1320 753 1370 815 καὶ
1390 754 1474 839 τοίχα

376 848 491 938 τύχης,
513 852 582 918 ἀλλ’
600 852 633 917 οὐ
651 855 772 943 γνώμης
789 852 911 945 ἕρμαιον
933 857 1082 945 γεγονώς,
1103 854 1159 933 ἔξω
1176 860 1248 923 ποτέ
1265 876 1315 946 μοι
1335 864 1386 926 καί
1407 863 1475 937 τοὺς

378 961 616 1049 σνγγνώσοντας
635 989 663 1025 n,
1478 980 1481 985 ’

427 1070 523 1135 Ταῦτ’
539 1071 668 1137 ἐνενόουν
683 1072 761 1163 ἐγώ,
774 1075 826 1137 καὶ
842 1071 936 1149 οὕτως
946 1078 1089 1165 ἔπραττον
1101 1081 1176 1163 μετὰ
1185 1087 1238 1153 τῆς
1255 1079 1349 1167 τύχης
1362 1082 1474 1168 μᾶλλον

376 1189 429 1256 τῆς
447 1181 564 1257 πόλεως
588 1183 607 1253 ἢ
623 1192 676 1257 τῆς
695 1183 780 1269 ἐμῆς.
801 1186 859 1248 Καὶ
879 1181 917 1255 dl
936 1195 1006 1269 νικᾷ
1024 1189 1063 1250 τὰ
1080 1196 1132 1262 τῆς
1149 1189 1261 1276 τύχης,
1281 1194 1332 1255 καὶ
1350 1192 1474 1283 λαμπροί

376 1294 443 1364 νίκη
461 1295 541 1379 μετὰ
558 1296 632 1359 Θεῶν
649 1293 786 1383 γέγονεν,
805 1295 840 1365 ἢν
856 1291 961 1358 οἴδατε
976 1299 1102 1373 πάντες,
1122 1305 1142 1369 ἥ
1152 1347 1161 1381 ,
1184 1300 1297 1386 μᾶλλον
1316 1306 1419 1386 εἰπεῖν,
1439 1301 1474 1380 ἧς

377 1403 560 1468 ἀπολαύετε.
576 1406 634 1468 Καὶ
650 1400 716 1468 ozid’
732 1403 825 1480 αὐτὸς
841 1406 856 1469 ὁ
871 1409 1057 1496 κατήγορος,
1074 1411 1130 1473 κᾶν
1147 1410 1259 1500 Θρασὺς
1273 1419 1292 1500 ᾖ
1306 1416 1357 1476 καὶ
1373 1416 1473 1505 πόρρω

375 1519 429 1578 τοῦ
448 1510 570 1590 δέοντος
593 1518 760 1605 προπετής,
785 1517 884 1592 ἄλλως
902 1516 979 1607 ἐρεῖ,
1000 1521 1051 1582 καί
1071 1521 1111 1594 ὡς
1128 1520 1162 1584 οὐ
1179 1525 1245 1592 νίκη
1263 1532 1299 1610 τῇ
1316 1523 1400 1588 πόλει
1417 1526 1472 1615 γε’-

375 1642 460 1715 γονε·
481 1627 540 1691 κᾶν
559 1625 576 1689 ὅ
597 1649 624 1688 τι
643 1627 694 1689 καί
723 1622 827 1700 λέξειε.
846 1628 1027 1693 -Μᾶλλον
1053 1626 1086 1693 d's
1110 1633 1183 1721 πρὸς
1206 1632 1296 1697 αὐτὸν
1322 1633 1371 1722 ἐρ’.
1391 1633 1472 1720 ὑμῶν

376 1741 450 1800 εἴπω
461 1733 484 1800 ².

425 1825 511 1935 ὁρᾷς
534 1847 586 1916 την
608 1848 748 1938 λαμπρὰν
771 1848 881 1918 ταύτην
904 1851 987 1919 νίκην
1008 1853 1060 1913 καί
1086 1853 1138 1921 τὴν
1161 1856 1399 1943 στεφανηφορίαν
1419 1863 1472 1929 τῆς

1038 2061 1051 2083 0

410 2086 536 2142 1Ἰὣιτίνων
554 2100 632 2161 σγαγή
645 2102 682 2141 est
698 2096 841 2161 σγαζόντων,
862 2108 910 2141 non
939 2095 1059 2142 crainto»
1082 2095 1203 2158 significat
1224 2115 1235 2139 ι
1255 2095 1277 2143 la
1301 2097 1394 2146 crainte
1413 2097 1471 2162 qu’il

374 2176 518 2239 σγαγίντων.
537 2171 665 2220 Nominum
688 2171 857 2220 nonnullorum
879 2171 909 2219 si·
939 2170 1030 2235 inspire
1046 2191 1067 2222 ν,
1088 2172 1136 2221 Sed
1153 2173 1201 2221 lalli
1214 2175 1310 2223 videtur
1321 2175 1419 2224 criticus
1431 2176 1471 2223 ille

374 2248 499 2312 guilieatio
512 2247 541 2296 tit
551 2265 595 2310 pro
606 2264 633 2297 re
643 2259 697 2297 nata
712 2248 790 2297 activa
800 2259 841 2297 aut
852 2265 912 2313 pas·
938 2248 1125 2312 hypercritieus.
1148 2269 1159 2293 a
1178 2251 1211 2297 La
1230 2251 1322 2298 erainte
1342 2252 1372 2299 de
1395 2253 1470 2306 bien,

372 2324 433 2375 siva.
451 2324 564 2390 Thucyd.
583 2326 740 2393 ί,4ίιπρὸς
760 2334 798 2376 τὸν
814 2330 912 2389 alpos,-
938 2327 1092 2375 l'amour‘do
1118 2327 1178 2375 bien
1204 2347 1215 2370 ν
1239 2329 1347 2376 iormulae
1372 2330 1470 2377 dicendi

373 2413 420 2452 τῶν
433 2407 546 2468 πόλεμον·
558 2403 649 2454 bellum
662 2405 756 2454 scilicet
767 2406 832 2470 quod
843 2405 911 2469 AEgi-
938 2416 993 2452 sunt
1004 2404 1184 2467 vulgarissimae,
1194 2415 1298 2470 suntque
1307 2407 1397 2454 similes
1407 2407 1469 2455 aliae.

374 2481 437 2530 netis
454 2483 567 2541 infertur,
585 2499 633 2530 non
647 2482 712 2547 quod
725 2483 841 2532 inferunt.
859 2484 909 2532 Ho—
938 2482 1070 2530 Fatendum
1084 2492 1163 2530 tamen
1175 2498 1205 2530 ex
1217 2484 1360 2547 pronomine
1371 2485 1417 2532 rari
1429 2485 1471 2532 ali-

374 2575 456 2610 merus
465 2559 495 2608 ll.
508 2562 533 2621 1,
546 2562 593 2610 203
604 2580 610 2608 ι
622 2563 661 2610 ἵνα
675 2557 739 2629 depo
752 2563 802 2630 ἴδῃς
813 2557 908 2625 ’Apatna-
937 2559 995 2624 quid
1014 2571 1038 2608 et
1058 2559 1147 2607 insoliti
1168 2571 1192 2610 ct
1213 2560 1355 2609 subobscuri
1373 2564 1469 2620 enasci,

373 2651 464 2702 μνονος·
495 2657 507 2682 ι
530 2638 642 2702 injuriam
666 2638 697 2688 ab
728 2642 909 2704 Agamemnone
936 2638 980 2686 sed
990 2638 1055 2703 quod
1066 2639 1090 2686 in
1104 2640 1213 2687 carmine
1223 2655 1294 2687 nemo
1305 2639 1425 2703 repudiet.
1443 2640 1468 2688 ld

374 2717 499 2766 lactans.
517 2717 546 2765 Τ.
561 2717 657 2777 Livius,
673 2722 696 2773 1,
712 2719 764 2766 13:
787 2737 799 2762 ιι
814 2718 908 2767 Sabinae
936 2716 1033 2765 dicendi
1060 2731 1136 2779 genus
1165 2717 1254 2765 Latinis
1277 2717 1407 2777 debemus,
1430 2730 1470 2767 aut

373 2794 489 2844 mulieres
505 2811 607 2859 quarum
620 2811 649 2843 ex
662 2795 749 2860 injuria
764 2797 856 2846 bellum
868 2816 909 2846 or-
938 2812 1001 2848 uon,
1020 2795 1106 2859 quibus
1129 2808 1231 2844 curetas
1250 2796 1371 2861 Pompeii.
1393 2808 1470 2845 metus

373 2881 525 2922 tumel-at».
544 2873 761 2934 Pbaedrus,2,8:
777 2875 908 2936 «Cervus,
936 2874 1064 2937 punicus»
1088 2890 1136 2922 non
1163 2874 1194 2922 de
1220 2875 1335 2938 Pompeio
1362 2873 1474 2935 l‘oenisve,

373 2950 405 3001 Ut
426 2962 570 3000 venatorum
592 2952 687 3016 fugeret
709 2953 839 3002 instantem
864 2968 909 3002 nc·
936 2953 1112 3009 metuentibus,
1135 2953 1178 3000 sed
1209 2963 1300 3002 metum
1328 2952 1470 3002 iacientibus

374 3044 426 3078 cem
440 3048 468 3089 ις
482 3030 545 3086 ὃπως
559 3032 587 3078 ἂν
601 3032 693 3098 ispi-poc
710 3042 838 3093 κυνηγετῶν
852 3051 910 3100 αρν.-
936 3031 1086 3081 dictumest.
1101 3031 1210 3080 Valerius
1228 3031 1343 3090 Flaccus,
1359 3033 1388 3088 5,
1402 3034 1467 3079 596:

373 3115 424 3168 γήν.
438 3107 541 3156 Erudite
553 3107 584 3156 de
596 3108 642 3158 hac
652 3110 747 3174 syntaxi
759 3109 909 3174 Gelliusagit
938 3128 949 3153 c
972 3111 1077 3176 Scythias
1104 3121 1210 3159 terrores
1232 3130 1259 3167 ν;
1288 3126 1348 3174 quos
1376 3109 1469 3157 scilicet

374 3185 401 3235 N.
425 3189 457 3234 A.
481 3187 513 3244 9,
536 3188 575 3236 tt.
594 3186 688 3235 Videsis
708 3188 854 3251 interpretes
878 3189 908 3237 ad
936 3190 1027 3239 Graecis
1039 3190 1138 3255 Scythia
1151 3189 1284 3252 injiciebat.
1295 3190 1405 3252 Scriptor
1420 3190 1471 3236 mi-

374 3264 468 3314 Phaedri
490 3266 579 3314 locum.
599 3265 736 3328 Xenophon
756 3266 908 3329 plcnaloeu·
936 3284 1022 3316 norum
1047 3268 1153 3330 gentium
1181 3268 1281 3316 lloehon
1306 3267 1378 3318 dixit.
1403 3267 1468 3331 quod

374 3344 440 3392 tione
457 3341 534 3392 Anah,
552 3349 574 3400 1,
592 3345 621 3403 2,
641 3345 689 3392 18:
706 3350 780 3410 Κῦρος
798 3345 817 3392 δ’
834 3347 906 3404 ἥσθη,
936 3345 1033 3410 quidem
1052 3345 1082 3393 ab
1096 3363 1141 3394 usu
1155 3355 1238 3394 nostro
1253 3345 1385 3393 abhorrere
1398 3344 1470 3391 vide-

374 3429 414 3471 τὸν
427 3422 452 3470 ἐν.
466 3431 512 3470 τῶν
526 3418 638 3478 Ἑλλήνων
655 3425 687 3478 εἰς
706 3427 759 3479 τοὺς
777 3427 909 3492 βαρόνίρονς
936 3434 994 3472 tur:
1016 3440 1085 3472 «vos
1103 3424 1254 3472 accusations
1267 3433 1322 3470 sont
1343 3421 1425 3469 billees
1442 3441 1452 3464 ν
1462 3443 1469 3481 ;

349 3528 354 3534 ·
374 3503 441 3567 γίὸον
454 3501 519 3550 ἰδών.
530 3499 599 3561 Quod
611 3511 647 3549 est
656 3500 839 3565 Xenophontem
851 3518 909 3551 con·
936 3503 1102 3551 accusationes
1119 3502 1231 3549 videlieet
1242 3501 1265 3547 in
1281 3511 1303 3547 te
1313 3508 1467 3563 comparatae.

374 3577 526 3636 suetudinis,
548 3588 648 3627 notante
670 3577 859 3643 Wyttenbaehio
878 3581 908 3628 ad
936 3582 993 3642 Qnae
1008 3581 1101 3645 passiva
1115 3579 1258 3642 significatio
1273 3579 1386 3642 frequens
1398 3578 1467 3624 estin

373 3654 511 3721 Selecta,p
539 3659 597 3705 370.
616 3657 646 3706 Et
659 3657 751 3722 gallicae
762 3658 849 3722 linguae
863 3675 906 3722 ge·
936 3659 1020 3708 Graeco
1040 3666 1184 3724 κατηγορία,
1198 3674 1245 3704 non
1265 3656 1372 3704 insolens
1384 3655 1408 3703 in
1421 3671 1467 3702 no-

374 3734 463 3785 nitivus
475 3735 598 3798 duplicem
612 3735 686 3786 babet
695 3752 801 3786 sensum.
815 3737 907 3786 Racinii
935 3739 1000 3786 mine
1011 3738 1095 3786 latino.
1106 3737 1134 3784 T.
1150 3735 1230 3784 Livius
1243 3735 1274 3782 de
1286 3735 1415 3795 Africano,
1427 3736 1467 3789 33,

374 3812 546 3864 Andromache
560 3834 565 3862 :
577 3833 589 3858 ι
603 3815 691 3864 Dis-lui
703 3831 750 3880 que
761 3816 792 3863 de
804 3832 860 3864 mon
872 3816 909 3865 fils
936 3819 965 3865 ll
980 3836 985 3863 :
1000 3832 1108 3882 «parum
1123 3831 1153 3863 ex
1167 3814 1249 3878 populi
1269 3813 1371 3862 llomani
1385 3813 1470 3877 digni-

373 3891 477 3942 l'amour
487 3902 524 3942 est
535 3909 601 3942 assez
617 3895 696 3944 fort».
713 3893 821 3942 Fenelon
834 3915 840 3942 ε
861 3913 872 3938 ι
885 3895 908 3943 le
937 3904 985 3942 tate
997 3908 1050 3942 esse
1065 3892 1170 3942 ducebat
1180 3892 1333 3941 subscribere
1344 3892 1406 3940 odiis
1424 3907 1469 3939 ae-

372 3981 470 4039 respect
478 3972 511 4021 de
520 3971 657 4038 l’antiquite
670 3971 721 4021 doit
731 3972 783 4021 dtre
797 3974 907 4035 grand».
936 3971 1148 4036 cusatiouibusque
1168 3969 1308 4020 Hannibalis
1328 3988 1354 4028 »;
1376 3970 1470 4017 scilicet

374 4047 395 4097 J.
412 4049 433 4099 l.
447 4049 602 4100 Russaeuszo
616 4050 765 4098 l'assistance
782 4049 826 4099 des
840 4067 907 4100 men·
936 4050 1130 4099 accusationibus
1167 4046 1295 4097 llannibali
1331 4048 1467 4105 intentatis,

374 4125 485 4178 dianas».
500 4127 612 4178 Russaeus
625 4139 699 4193 poeta
711 4128 742 4176 de
755 4128 807 4178 Deo
819 4129 848 4177 ad
861 4129 908 4178 ho·
935 4137 1050 4176 monente
1079 4125 1200 4175 Drakenb.
1231 4125 1261 4172 Et
1293 4145 1303 4166 ι
1328 4123 1468 4172 Hannibalis

373 4204 461 4256 minem
476 4205 595 4271 impium:
612 4207 671 4254 «Tu
682 4223 712 4256 ne
726 4208 773 4256 mis
781 4206 907 4270 jamnisde
935 4207 1016 4254 odium
1040 4224 1051 4248 ν
1076 4214 1112 4252 cst
1133 4205 1253 4268 passivum
1274 4201 1356 4250 atiani.
1380 4201 1420 4250 Sic
1443 4201 1466 4251 in

372 4280 480 4332 barriere
488 4283 562 4332 lintre
572 4299 598 4333 sa
609 4285 702 4334 erainto
711 4295 734 4333 et
745 4285 904 4346 teslureursi.
936 4284 1029 4332 Electra
1045 4281 1196 4344 Sophoclea,
1207 4282 1272 4340 342,
1286 4289 1313 4331 τὸ
1325 4285 1413 4332 τούτων
1423 4292 1468 4347 μῖ-

372 4359 476 4426 llarpius
487 4363 585 4427 Lyeaeo,
597 4363 663 4411 bunc
673 4363 807 4428 respiciens
816 4363 905 4421 locum,
934 4383 971 4419 σος
981 4372 1017 4411 cst
1026 4372 1093 4423 μῖσος
1105 4364 1122 4427 ᾧ
1137 4361 1321 4426 praenoscemini
1335 4364 1352 4428 ᾧ
1364 4370 1465 4426 μισοῦσι.

372 4437 471 4490 affirmat
486 4455 535 4489 non
549 4455 604 4490 eum
614 4441 680 4506 loqui
693 4441 794 4505 gallice,
806 4443 843 4491 cui
856 4461 867 4487 a
879 4458 905 4492 sa
967 4440 1081 4490 2schol:
1095 4442 1237 4496 ἀντίστασις.
