<?xml version="1.0" encoding="UTF-8"?>
<!DOCTYPE html PUBLIC "-//W3C//DTD XHTML 1.0 Transitional//EN"
    "http://www.w3.org/TR/xhtml1/DTD/xhtml1-transitional.dtd">
<html xmlns="http://www.w3.org/1999/xhtml" xml:lang="en" lang="en">
 <head>
  <title>
</title>
<meta http-equiv="Content-Type" content="text/html;charset=utf-8" />
  <meta name='ocr-system' content='tesseract 3.04.00' />
  <meta name='ocr-capabilities' content='ocr_page ocr_carea ocr_par ocr_line ocrx_word'/>
</head>
<body>
  <div class='ocr_page' id='page_1' title='image "./gpachymerisdecl00hiergoog_0274.png"; bbox 0 0 3684 5659; ppageno 0'>
   <div class='ocr_carea' id='block_1_1' title="bbox 373 607 1470 1282">
    <p class='ocr_par' dir='ltr' id='par_1_1' title="bbox 374 607 1126 678">
     <span class='ocr_line' id='line_1_1' title="bbox 374 607 1126 678; baseline -0.005 -2"><span class='ocrx_word' id='word_1_1' title='bbox 374 607 446 678; x_wconf 67' lang='lat'>248</span> <span class='ocrx_word' id='word_1_2' title='bbox 709 617 744 675; x_wconf 85' lang='grc' dir='ltr'>Γ.</span> <span class='ocrx_word' id='word_1_3' title='bbox 772 615 845 676; x_wconf 88' lang='grc' dir='ltr'>ΤΟΥ</span> <span class='ocrx_word' id='word_1_4' title='bbox 871 611 1126 674; x_wconf 84' lang='grc' dir='ltr'>ΠΑΧΥΜΕΡΟΥΣ</span> 
     </span>
    </p>

    <p class='ocr_par' dir='ltr' id='par_1_2' title="bbox 422 730 1189 840">
     <span class='ocr_line' id='line_1_2' title="bbox 422 730 1189 840; baseline -0.004 -26"><span class='ocrx_word' id='word_1_5' title='bbox 422 730 506 815; x_wconf 82' lang='grc' dir='ltr'>Ᾰλλόι</span> <span class='ocrx_word' id='word_1_6' title='bbox 522 751 550 812; x_wconf 92' lang='grc' dir='ltr'>τί</span> <span class='ocrx_word' id='word_1_7' title='bbox 566 750 639 840; x_wconf 86' lang='grc' dir='ltr'>πρὸς</span> <span class='ocrx_word' id='word_1_8' title='bbox 658 749 712 829; x_wconf 85' lang='grc' dir='ltr'>σέ,</span> <span class='ocrx_word' id='word_1_9' title='bbox 731 751 783 814; x_wconf 82' lang='grc' dir='ltr'>καί</span> <span class='ocrx_word' id='word_1_10' title='bbox 803 751 843 836; x_wconf 84' lang='grc' dir='ltr'>μή</span> <span class='ocrx_word' id='word_1_11' title='bbox 862 749 936 840; x_wconf 88' lang='grc' dir='ltr'>πρός</span> <span class='ocrx_word' id='word_1_12' title='bbox 952 746 1075 822; x_wconf 81' lang='grc' dir='ltr'><strong><em>τούτους</em></strong></span> <span class='ocrx_word' id='word_1_13' title='bbox 1091 745 1189 838; x_wconf 76' lang='grc' dir='ltr'>λόγως</span> 
     </span>
    </p>

    <p class='ocr_par' dir='ltr' id='par_1_3' title="bbox 373 853 1470 1282">
     <span class='ocr_line' id='line_1_3' title="bbox 423 853 1470 951; baseline 0 -27"><span class='ocrx_word' id='word_1_14' title='bbox 423 861 462 923; x_wconf 88' lang='grc' dir='ltr'>Τό</span> <span class='ocrx_word' id='word_1_15' title='bbox 486 859 539 946; x_wconf 83' lang='grc' dir='ltr'>μὲν</span> <span class='ocrx_word' id='word_1_16' title='bbox 564 858 716 951; x_wconf 79' lang='grc' dir='ltr'>πραχθέν,</span> <span class='ocrx_word' id='word_1_17' title='bbox 744 853 869 949; x_wconf 81' lang='grc' dir='ltr'>όίνόρες,</span> <span class='ocrx_word' id='word_1_18' title='bbox 896 853 985 942; x_wconf 80' lang='grc' dir='ltr'>οἷόοι,</span> <span class='ocrx_word' id='word_1_19' title='bbox 1011 868 1203 943; x_wconf 88' lang='grc' dir='ltr'>κατανοεῖτε,</span> <span class='ocrx_word' id='word_1_20' title='bbox 1232 860 1285 924; x_wconf 83' lang='grc' dir='ltr'>καί</span> <span class='ocrx_word' id='word_1_21' title='bbox 1314 858 1413 950; x_wconf 90' lang='grc' dir='ltr'>λόγων</span> <span class='ocrx_word' id='word_1_22' title='bbox 1437 861 1470 925; x_wconf 81' lang='grc' dir='ltr'>οὐ</span> 
     </span>
     <span class='ocr_line' id='line_1_4' title="bbox 374 965 1469 1061; baseline 0 -26"><span class='ocrx_word' id='word_1_23' title='bbox 374 974 480 1061; x_wconf 76' lang='grc' dir='ltr'>χρῄζει</span> <span class='ocrx_word' id='word_1_24' title='bbox 492 971 565 1061; x_wconf 86' lang='grc' dir='ltr'>πρός</span> <span class='ocrx_word' id='word_1_25' title='bbox 577 970 609 1032; x_wconf 86' lang='grc' dir='ltr'>τό</span> <span class='ocrx_word' id='word_1_26' title='bbox 621 977 748 1059; x_wconf 82' lang='grc' dir='ltr'>φανῆναι</span> <span class='ocrx_word' id='word_1_27' title='bbox 764 965 872 1033; x_wconf 69' lang='grc' dir='ltr'>κλεινόν.</span> <span class='ocrx_word' id='word_1_28' title='bbox 888 972 924 1032; x_wconf 89' lang='grc' dir='ltr'>Τί</span> <span class='ocrx_word' id='word_1_29' title='bbox 938 971 998 1060; x_wconf 90' lang='grc' dir='ltr'>γόιρ</span> <span class='ocrx_word' id='word_1_30' title='bbox 1012 971 1064 1033; x_wconf 83' lang='grc' dir='ltr'>καὶ</span> <span class='ocrx_word' id='word_1_31' title='bbox 1079 971 1153 1059; x_wconf 99' lang='grc' dir='ltr'>φαίη</span> <span class='ocrx_word' id='word_1_32' title='bbox 1166 994 1212 1044; x_wconf 92' lang='grc' dir='ltr'>τις</span> <span class='ocrx_word' id='word_1_33' title='bbox 1225 976 1276 1055; x_wconf 85' lang='grc' dir='ltr'>όίν,</span> <span class='ocrx_word' id='word_1_34' title='bbox 1293 969 1364 1046; x_wconf 81' lang='grc' dir='ltr'>ὥςτ’</span> <span class='ocrx_word' id='word_1_35' title='bbox 1377 967 1469 1048; x_wconf 79' lang='grc' dir='ltr'>ἀξίως</span> 
     </span>
     <span class='ocr_line' id='line_1_5' title="bbox 374 1074 1467 1171; baseline -0.002 -25"><span class='ocrx_word' id='word_1_36' title='bbox 374 1085 464 1146; x_wconf 84' lang='grc' dir='ltr'>εἰπεῖν</span> <span class='ocrx_word' id='word_1_37' title='bbox 481 1082 590 1146; x_wconf 80' lang='grc' dir='ltr'>ὁπόσον</span> <span class='ocrx_word' id='word_1_38' title='bbox 608 1079 754 1167; x_wconf 77' lang='grc' dir='ltr'>ἐτολμήθη</span> <span class='ocrx_word' id='word_1_39' title='bbox 771 1087 813 1166; x_wconf 88' lang='grc' dir='ltr'>τῷ</span> <span class='ocrx_word' id='word_1_40' title='bbox 830 1074 1000 1170; x_wconf 82' lang='grc' dir='ltr'>φιλοπόλιόι</span> <span class='ocrx_word' id='word_1_41' title='bbox 1016 1078 1130 1166; x_wconf 82' lang='grc' dir='ltr'>τούτῳ,</span> <span class='ocrx_word' id='word_1_42' title='bbox 1147 1081 1199 1144; x_wconf 83' lang='grc' dir='ltr'>καί</span> <span class='ocrx_word' id='word_1_43' title='bbox 1215 1089 1399 1171; x_wconf 82' lang='grc' dir='ltr'>στρατηγῷ,</span> <span class='ocrx_word' id='word_1_44' title='bbox 1416 1086 1467 1148; x_wconf 83' lang='grc' dir='ltr'>καί</span> 
     </span>
     <span class='ocr_line' id='line_1_6' title="bbox 373 1167 1469 1282; baseline 0 -25"><span class='ocrx_word' id='word_1_45' title='bbox 373 1201 432 1257; x_wconf 81' lang='grc' dir='ltr'>τῶν</span> <span class='ocrx_word' id='word_1_46' title='bbox 457 1193 566 1278; x_wconf 90' lang='grc' dir='ltr'>νόμων,</span> <span class='ocrx_word' id='word_1_47' title='bbox 594 1192 634 1266; x_wconf 87' lang='grc' dir='ltr'>ὡς</span> <span class='ocrx_word' id='word_1_48' title='bbox 661 1193 868 1282; x_wconf 82' lang='grc' dir='ltr'>ἰσχυρίζεται,</span> <span class='ocrx_word' id='word_1_49' title='bbox 895 1189 1026 1281; x_wconf 83' lang='grc' dir='ltr'>φύλακι;</span> <span class='ocrx_word' id='word_1_50' title='bbox 1054 1167 1144 1265; x_wconf 80' lang='grc' dir='ltr'>ὅπως</span> <span class='ocrx_word' id='word_1_51' title='bbox 1171 1185 1205 1254; x_wconf 79' lang='grc' dir='ltr'>δὲ</span> <span class='ocrx_word' id='word_1_52' title='bbox 1229 1190 1397 1256; x_wconf 82' lang='grc' dir='ltr'><strong>κολαστέον</strong></span> <span class='ocrx_word' id='word_1_53' title='bbox 1422 1193 1469 1257; x_wconf 87' lang='grc' dir='ltr'>τόν</span> 
     </span>
    </p>
   </div>
   <div class='ocr_carea' id='block_1_2' title="bbox 373 1295 1465 1413">
    <p class='ocr_par' dir='ltr' id='par_1_4' title="bbox 373 1295 1465 1413">
     <span class='ocr_line' id='line_1_7' title="bbox 373 1295 1465 1393; baseline 0.001 -26"><span class='ocrx_word' id='word_1_54' title='bbox 373 1299 543 1393; x_wconf 81' lang='grc' dir='ltr'>πράξαντα,</span> <span class='ocrx_word' id='word_1_55' title='bbox 559 1299 593 1365; x_wconf 81' lang='grc' dir='ltr'>οὐ</span> <span class='ocrx_word' id='word_1_56' title='bbox 608 1300 703 1391; x_wconf 92' lang='grc' dir='ltr'>λόγων</span> <span class='ocrx_word' id='word_1_57' title='bbox 717 1295 818 1364; x_wconf 76' lang='grc' dir='ltr'>δεῖσθε</span> <span class='ocrx_word' id='word_1_58' title='bbox 831 1301 1096 1390; x_wconf 87' lang='grc' dir='ltr'>προςορμησόντων</span> <span class='ocrx_word' id='word_1_59' title='bbox 1109 1301 1161 1364; x_wconf 85' lang='grc' dir='ltr'>καί</span> <span class='ocrx_word' id='word_1_60' title='bbox 1177 1302 1359 1371; x_wconf 91' lang='grc' dir='ltr'>κινησόντων</span> <span class='ocrx_word' id='word_1_61' title='bbox 1373 1299 1465 1389; x_wconf 82' lang='grc' dir='ltr'>ὑμᾶς.</span> 
     </span>
     <span class='ocr_line' id='line_1_8' title="bbox 382 1392 393 1413; baseline 0 -1"><span class='ocrx_word' id='word_1_62' title='bbox 382 1392 393 1413; x_wconf 69' lang='grc' dir='ltr'>ι</span> 
     </span>
    </p>
   </div>
   <div class='ocr_carea' id='block_1_3' title="bbox 372 1408 1468 3156">
    <p class='ocr_par' dir='ltr' id='par_1_5' title="bbox 372 1408 1468 3156">
     <span class='ocr_line' id='line_1_9' title="bbox 373 1408 1466 1503; baseline 0 -26"><span class='ocrx_word' id='word_1_63' title='bbox 373 1418 469 1501; x_wconf 85' lang='grc' dir='ltr'>Εχετε</span> <span class='ocrx_word' id='word_1_64' title='bbox 488 1413 548 1503; x_wconf 90' lang='grc' dir='ltr'>γόιρ</span> <span class='ocrx_word' id='word_1_65' title='bbox 570 1414 626 1486; x_wconf 87' lang='grc' dir='ltr'>τόις</span> <span class='ocrx_word' id='word_1_66' title='bbox 648 1410 792 1501; x_wconf 74' lang='grc' dir='ltr'>ἐμφύτους</span> <span class='ocrx_word' id='word_1_67' title='bbox 814 1411 909 1501; x_wconf 86' lang='grc' dir='ltr'>ὁρμὰς</span> <span class='ocrx_word' id='word_1_68' title='bbox 931 1413 973 1485; x_wconf 83' lang='grc' dir='ltr'>εἰς</span> <span class='ocrx_word' id='word_1_69' title='bbox 994 1411 1044 1475; x_wconf 87' lang='grc' dir='ltr'>τόν</span> <span class='ocrx_word' id='word_1_70' title='bbox 1063 1408 1135 1502; x_wconf 83' lang='grc' dir='ltr'>ὑπὲρ</span> <span class='ocrx_word' id='word_1_71' title='bbox 1158 1415 1211 1475; x_wconf 84' lang='grc' dir='ltr'>τοῦ</span> <span class='ocrx_word' id='word_1_72' title='bbox 1230 1411 1328 1476; x_wconf 83' lang='grc' dir='ltr'>καλοῦ</span> <span class='ocrx_word' id='word_1_73' title='bbox 1349 1411 1466 1497; x_wconf 57' lang='grc' dir='ltr'>ζῆλονί,</span> 
     </span>
     <span class='ocr_line' id='line_1_10' title="bbox 375 1519 1467 1613; baseline 0 -26"><span class='ocrx_word' id='word_1_74' title='bbox 375 1523 448 1599; x_wconf 86' lang='grc' dir='ltr'>ὥςτε</span> <span class='ocrx_word' id='word_1_75' title='bbox 475 1523 527 1586; x_wconf 86' lang='grc' dir='ltr'>καί</span> <span class='ocrx_word' id='word_1_76' title='bbox 551 1523 601 1585; x_wconf 89' lang='grc' dir='ltr'>τόν</span> <span class='ocrx_word' id='word_1_77' title='bbox 628 1519 782 1611; x_wconf 70' lang='grc' dir='ltr'><em>εὐεργέτην</em></span> <span class='ocrx_word' id='word_1_78' title='bbox 803 1528 894 1607; x_wconf 83' lang='grc' dir='ltr'>τιμᾷν</span> <span class='ocrx_word' id='word_1_79' title='bbox 916 1519 1121 1608; x_wconf 87' lang='grc' dir='ltr'>προςηκόντως</span> <span class='ocrx_word' id='word_1_80' title='bbox 1144 1522 1195 1584; x_wconf 85' lang='grc' dir='ltr'>καὶ</span> <span class='ocrx_word' id='word_1_81' title='bbox 1222 1521 1274 1584; x_wconf 87' lang='grc' dir='ltr'>τὸν</span> <span class='ocrx_word' id='word_1_82' title='bbox 1297 1527 1467 1613; x_wconf 77' lang='grc' dir='ltr'><em>κακοῦργον</em></span> 
     </span>
     <span class='ocr_line' id='line_1_11' title="bbox 374 1624 1468 1719; baseline 0.001 -23"><span class='ocrx_word' id='word_1_83' title='bbox 374 1633 513 1708; x_wconf 84' lang='grc' dir='ltr'>κολάζειν</span> <span class='ocrx_word' id='word_1_84' title='bbox 535 1628 640 1706; x_wconf 80' lang='grc' dir='ltr'>ἀξίως.</span> <span class='ocrx_word' id='word_1_85' title='bbox 665 1632 724 1694; x_wconf 84' lang='grc' dir='ltr'>Καὶ</span> <span class='ocrx_word' id='word_1_86' title='bbox 747 1624 818 1694; x_wconf 77' lang='grc' dir='ltr'>οἶδα</span> <span class='ocrx_word' id='word_1_87' title='bbox 840 1627 893 1716; x_wconf 86' lang='grc' dir='ltr'>μὲν</span> <span class='ocrx_word' id='word_1_88' title='bbox 915 1627 959 1693; x_wconf 90' lang='grc' dir='ltr'>ότι</span> <span class='ocrx_word' id='word_1_89' title='bbox 982 1632 1006 1693; x_wconf 87' lang='grc' dir='ltr'>εί</span> <span class='ocrx_word' id='word_1_90' title='bbox 1030 1631 1134 1719; x_wconf 83' lang='grc' dir='ltr'>χερσὶν</span> <span class='ocrx_word' id='word_1_91' title='bbox 1151 1625 1186 1701; x_wconf 76' lang='grc' dir='ltr'>ἦν</span> <span class='ocrx_word' id='word_1_92' title='bbox 1204 1632 1343 1716; x_wconf 79' lang='grc' dir='ltr'>κτείνειν,</span> <span class='ocrx_word' id='word_1_93' title='bbox 1370 1628 1468 1708; x_wconf 80' lang='grc' dir='ltr'>οὐδεὶς</span> 
     </span>
     <span class='ocr_line' id='line_1_12' title="bbox 373 1737 1465 1829; baseline -0.001 -23"><span class='ocrx_word' id='word_1_94' title='bbox 373 1749 426 1808; x_wconf 84' lang='grc' dir='ltr'>τοῦ</span> <span class='ocrx_word' id='word_1_95' title='bbox 447 1743 488 1829; x_wconf 85' lang='grc' dir='ltr'>μή</span> <span class='ocrx_word' id='word_1_96' title='bbox 510 1741 648 1812; x_wconf 82' lang='grc' dir='ltr'>πλήττειν</span> <span class='ocrx_word' id='word_1_97' title='bbox 670 1737 851 1828; x_wconf 68' lang='grc' dir='ltr'>ἀπέσχετο’,</span> <span class='ocrx_word' id='word_1_98' title='bbox 878 1738 958 1804; x_wconf 78' lang='grc' dir='ltr'>οίλλόι</span> <span class='ocrx_word' id='word_1_99' title='bbox 980 1741 1088 1814; x_wconf 90' lang='grc' dir='ltr'>ποίντες</span> <span class='ocrx_word' id='word_1_100' title='bbox 1111 1738 1237 1806; x_wconf 73' lang='grc' dir='ltr'>ἔὸαλλον</span> <span class='ocrx_word' id='word_1_101' title='bbox 1260 1741 1314 1804; x_wconf 84' lang='grc' dir='ltr'>καί</span> <span class='ocrx_word' id='word_1_102' title='bbox 1341 1741 1398 1814; x_wconf 85' lang='grc' dir='ltr'>τὰς</span> <span class='ocrx_word' id='word_1_103' title='bbox 1422 1740 1465 1807; x_wconf 82' lang='grc' dir='ltr'>ε’πί</span> 
     </span>
     <span class='ocr_line' id='line_1_13' title="bbox 373 1831 1467 1942; baseline -0.002 -24"><span class='ocrx_word' id='word_1_104' title='bbox 373 1854 468 1940; x_wconf 86' lang='grc' dir='ltr'>τούτῳ</span> <span class='ocrx_word' id='word_1_105' title='bbox 494 1854 623 1927; x_wconf 83' lang='grc' dir='ltr'>αἰκίσεις</span> <span class='ocrx_word' id='word_1_106' title='bbox 648 1846 896 1942; x_wconf 66' lang='grc' dir='ltr'>φυλλοὸολήσειςθ</span> <span class='ocrx_word' id='word_1_107' title='bbox 918 1858 976 1914; x_wconf 82' lang='grc' dir='ltr'>τῶν</span> <span class='ocrx_word' id='word_1_108' title='bbox 995 1850 1144 1915; x_wconf 87' lang='grc' dir='ltr'>πεσόντων</span> <span class='ocrx_word' id='word_1_109' title='bbox 1164 1849 1314 1938; x_wconf 84' lang='grc' dir='ltr'>ἐνόμιζον.</span> <span class='ocrx_word' id='word_1_110' title='bbox 1337 1831 1412 1916; x_wconf 67' lang='grc' dir='ltr'>Επεὶ</span> <span class='ocrx_word' id='word_1_111' title='bbox 1435 1847 1467 1916; x_wconf 84' lang='grc' dir='ltr'>δὲ</span> 
     </span>
     <span class='ocr_line' id='line_1_14' title="bbox 374 1954 1467 2054; baseline -0.001 -27"><span class='ocrx_word' id='word_1_112' title='bbox 374 1965 509 2054; x_wconf 88' lang='grc' dir='ltr'>γνώμαις</span> <span class='ocrx_word' id='word_1_113' title='bbox 529 1964 578 2026; x_wconf 81' lang='grc' dir='ltr'>καί</span> <span class='ocrx_word' id='word_1_114' title='bbox 602 1961 711 2052; x_wconf 91' lang='grc' dir='ltr'>ψήφοις</span> <span class='ocrx_word' id='word_1_115' title='bbox 737 1962 771 2026; x_wconf 85' lang='grc' dir='ltr'>τό</span> <span class='ocrx_word' id='word_1_116' title='bbox 794 1962 887 2025; x_wconf 86' lang='grc' dir='ltr'>κακόν</span> <span class='ocrx_word' id='word_1_117' title='bbox 912 1959 1061 2044; x_wconf 79' lang='grc' dir='ltr'>εὐθήνετε,</span> <span class='ocrx_word' id='word_1_118' title='bbox 1087 1954 1133 2036; x_wconf 83' lang='grc' dir='ltr'>οἷς</span> <span class='ocrx_word' id='word_1_119' title='bbox 1156 1963 1240 2048; x_wconf 85' lang='grc' dir='ltr'>ἔχετε</span> <span class='ocrx_word' id='word_1_120' title='bbox 1261 1964 1404 2046; x_wconf 81' lang='grc' dir='ltr'>κτείνειν,</span> <span class='ocrx_word' id='word_1_121' title='bbox 1427 1963 1467 2049; x_wconf 85' lang='grc' dir='ltr'>μή</span> 
     </span>
     <span class='ocr_line' id='line_1_15' title="bbox 374 2071 1468 2163; baseline 0 -25"><span class='ocrx_word' id='word_1_122' title='bbox 374 2074 561 2160; x_wconf 79' lang='grc' dir='ltr'>αμελήσητε,</span> <span class='ocrx_word' id='word_1_123' title='bbox 587 2071 655 2137; x_wconf 78' lang='grc' dir='ltr'>ἀλλ’</span> <span class='ocrx_word' id='word_1_124' title='bbox 681 2074 840 2163; x_wconf 83' lang='grc' dir='ltr'>ἀρκεσοίτω</span> <span class='ocrx_word' id='word_1_125' title='bbox 868 2072 952 2142; x_wconf 82' lang='grc' dir='ltr'>κοινή</span> <span class='ocrx_word' id='word_1_126' title='bbox 976 2071 1090 2162; x_wconf 86' lang='grc' dir='ltr'>ψήφος,</span> <span class='ocrx_word' id='word_1_127' title='bbox 1117 2072 1168 2135; x_wconf 84' lang='grc' dir='ltr'>καί</span> <span class='ocrx_word' id='word_1_128' title='bbox 1198 2073 1257 2136; x_wconf 85' lang='grc' dir='ltr'>ἀπὸ</span> <span class='ocrx_word' id='word_1_129' title='bbox 1284 2075 1406 2137; x_wconf 85' lang='grc' dir='ltr'>πάντων</span> <span class='ocrx_word' id='word_1_130' title='bbox 1429 2074 1468 2149; x_wconf 84' lang='grc' dir='ltr'>ὡς</span> 
     </span>
     <span class='ocr_line' id='line_1_16' title="bbox 374 2179 1467 2273; baseline 0.002 -27"><span class='ocrx_word' id='word_1_131' title='bbox 374 2179 459 2270; x_wconf 47' lang='grc' dir='ltr'>μίαί,</span> <span class='ocrx_word' id='word_1_132' title='bbox 484 2192 526 2270; x_wconf 86' lang='grc' dir='ltr'>τῷ</span> <span class='ocrx_word' id='word_1_133' title='bbox 550 2181 732 2269; x_wconf 81' lang='grc' dir='ltr'>παλαμναίῳ</span> <span class='ocrx_word' id='word_1_134' title='bbox 751 2182 845 2269; x_wconf 77' lang='grc' dir='ltr'>τούτῳ</span> <span class='ocrx_word' id='word_1_135' title='bbox 863 2184 937 2273; x_wconf 86' lang='grc' dir='ltr'>πρός</span> <span class='ocrx_word' id='word_1_136' title='bbox 955 2185 1096 2246; x_wconf 84' lang='grc' dir='ltr'>θοίνατον.</span> <span class='ocrx_word' id='word_1_137' title='bbox 1116 2183 1174 2246; x_wconf 80' lang='grc' dir='ltr'>Καὶ</span> <span class='ocrx_word' id='word_1_138' title='bbox 1195 2185 1281 2247; x_wconf 84' lang='grc' dir='ltr'>ἔσται</span> <span class='ocrx_word' id='word_1_139' title='bbox 1299 2186 1422 2260; x_wconf 80' lang='grc' dir='ltr'>πάντως</span> <span class='ocrx_word' id='word_1_140' title='bbox 1439 2183 1467 2260; x_wconf 82' lang='grc' dir='ltr'>ἐς</span> 
     </span>
     <span class='ocr_line' id='line_1_17' title="bbox 374 2289 1466 2384; baseline 0.002 -27"><span class='ocrx_word' id='word_1_141' title='bbox 374 2289 496 2384; x_wconf 76' lang='grc' dir='ltr'>ὕστερον</span> <span class='ocrx_word' id='word_1_142' title='bbox 518 2295 617 2380; x_wconf 86' lang='grc' dir='ltr'>μνήμη</span> <span class='ocrx_word' id='word_1_143' title='bbox 636 2293 687 2356; x_wconf 85' lang='grc' dir='ltr'>καί</span> <span class='ocrx_word' id='word_1_144' title='bbox 711 2291 800 2383; x_wconf 88' lang='grc' dir='ltr'>λόγος</span> <span class='ocrx_word' id='word_1_145' title='bbox 822 2291 890 2380; x_wconf 87' lang='grc' dir='ltr'>ὑμῖν</span> <span class='ocrx_word' id='word_1_146' title='bbox 914 2294 1059 2384; x_wconf 82' lang='grc' dir='ltr'>εὔφημος,</span> <span class='ocrx_word' id='word_1_147' title='bbox 1083 2293 1124 2368; x_wconf 89' lang='grc' dir='ltr'>ὡς</span> <span class='ocrx_word' id='word_1_148' title='bbox 1143 2298 1205 2382; x_wconf 91' lang='grc' dir='ltr'>όίρα</span> <span class='ocrx_word' id='word_1_149' title='bbox 1221 2293 1319 2358; x_wconf 84' lang='grc' dir='ltr'>πάλαι</span> <span class='ocrx_word' id='word_1_150' title='bbox 1337 2292 1411 2359; x_wconf 87' lang='grc' dir='ltr'>ποτὲ</span> <span class='ocrx_word' id='word_1_151' title='bbox 1431 2319 1466 2365; x_wconf 94' lang='grc' dir='ltr'>τη</span> 
     </span>
     <span class='ocr_line' id='line_1_18' title="bbox 373 2397 1464 2496; baseline 0.003 -30"><span class='ocrx_word' id='word_1_152' title='bbox 373 2402 458 2467; x_wconf 92' lang='grc' dir='ltr'>πόλει</span> <span class='ocrx_word' id='word_1_153' title='bbox 479 2397 587 2494; x_wconf 80' lang='grc' dir='ltr'>όίνόρες</span> <span class='ocrx_word' id='word_1_154' title='bbox 605 2397 682 2473; x_wconf 85' lang='grc' dir='ltr'>ήσαν</span> <span class='ocrx_word' id='word_1_155' title='bbox 700 2407 752 2466; x_wconf 82' lang='grc' dir='ltr'>τοῦ</span> <span class='ocrx_word' id='word_1_156' title='bbox 769 2401 864 2467; x_wconf 82' lang='grc' dir='ltr'>καλοῦ</span> <span class='ocrx_word' id='word_1_157' title='bbox 887 2401 1039 2481; x_wconf 83' lang='grc' dir='ltr'>ζηλωταί,</span> <span class='ocrx_word' id='word_1_158' title='bbox 1061 2400 1131 2477; x_wconf 80' lang='grc' dir='ltr'>ὥςθ’</span> <span class='ocrx_word' id='word_1_159' title='bbox 1151 2403 1289 2478; x_wconf 81' lang='grc' dir='ltr'>ἁπάσαις</span> <span class='ocrx_word' id='word_1_160' title='bbox 1306 2406 1395 2496; x_wconf 84' lang='grc' dir='ltr'>χερσί</span> <span class='ocrx_word' id='word_1_161' title='bbox 1414 2406 1464 2469; x_wconf 86' lang='grc' dir='ltr'>καί</span> 
     </span>
     <span class='ocr_line' id='line_1_19' title="bbox 373 2508 1463 2607; baseline 0.001 -28"><span class='ocrx_word' id='word_1_162' title='bbox 373 2517 423 2579; x_wconf 87' lang='grc' dir='ltr'>τόν</span> <span class='ocrx_word' id='word_1_163' title='bbox 440 2514 652 2607; x_wconf 71' lang='grc' dir='ltr'>εὐεργετοῦντα</span> <span class='ocrx_word' id='word_1_164' title='bbox 668 2514 720 2584; x_wconf 86' lang='grc' dir='ltr'>τήν</span> <span class='ocrx_word' id='word_1_165' title='bbox 742 2513 826 2578; x_wconf 93' lang='grc' dir='ltr'>πόλιν</span> <span class='ocrx_word' id='word_1_166' title='bbox 846 2517 966 2600; x_wconf 84' lang='grc' dir='ltr'>ἔστεφον</span> <span class='ocrx_word' id='word_1_167' title='bbox 986 2513 1038 2578; x_wconf 85' lang='grc' dir='ltr'>καί</span> <span class='ocrx_word' id='word_1_168' title='bbox 1057 2513 1107 2577; x_wconf 87' lang='grc' dir='ltr'>τόν</span> <span class='ocrx_word' id='word_1_169' title='bbox 1124 2508 1290 2578; x_wconf 75' lang='grc' dir='ltr'>ἀδικοῦντα</span> <span class='ocrx_word' id='word_1_170' title='bbox 1306 2514 1463 2599; x_wconf 85' lang='grc' dir='ltr'>ἐκόλαζον,</span> 
     </span>
     <span class='ocr_line' id='line_1_20' title="bbox 374 2621 1466 2716; baseline -0.003 -24"><span class='ocrx_word' id='word_1_171' title='bbox 374 2628 447 2703; x_wconf 86' lang='grc' dir='ltr'>ὥςτε</span> <span class='ocrx_word' id='word_1_172' title='bbox 464 2629 536 2714; x_wconf 94' lang='grc' dir='ltr'>μίαν</span> <span class='ocrx_word' id='word_1_173' title='bbox 555 2625 607 2714; x_wconf 84' lang='grc' dir='ltr'>μὲν</span> <span class='ocrx_word' id='word_1_174' title='bbox 628 2626 681 2696; x_wconf 85' lang='grc' dir='ltr'>τήν</span> <span class='ocrx_word' id='word_1_175' title='bbox 704 2621 757 2690; x_wconf 80' lang='grc' dir='ltr'>όιόι</span> <span class='ocrx_word' id='word_1_176' title='bbox 774 2622 874 2715; x_wconf 83' lang='grc' dir='ltr'>ξίφους</span> <span class='ocrx_word' id='word_1_177' title='bbox 893 2622 1068 2711; x_wconf 75' lang='grc' dir='ltr'>συμΕαίνειν</span> <span class='ocrx_word' id='word_1_178' title='bbox 1084 2623 1214 2714; x_wconf 87' lang='grc' dir='ltr'>πληγήν,</span> <span class='ocrx_word' id='word_1_179' title='bbox 1233 2626 1344 2716; x_wconf 90' lang='grc' dir='ltr'>μυρίας</span> <span class='ocrx_word' id='word_1_180' title='bbox 1362 2621 1466 2702; x_wconf 75' lang='grc' dir='ltr'>δὲτὰς</span> 
     </span>
     <span class='ocr_line' id='line_1_21' title="bbox 374 2730 1465 2826; baseline 0.001 -27"><span class='ocrx_word' id='word_1_181' title='bbox 374 2734 406 2799; x_wconf 83' lang='grc' dir='ltr'>ἐκ</span> <span class='ocrx_word' id='word_1_182' title='bbox 430 2745 482 2810; x_wconf 86' lang='grc' dir='ltr'>τής</span> <span class='ocrx_word' id='word_1_183' title='bbox 504 2736 638 2826; x_wconf 86' lang='grc' dir='ltr'>γλώττης</span> <span class='ocrx_word' id='word_1_184' title='bbox 660 2737 796 2826; x_wconf 85' lang='grc' dir='ltr'>σφαγείς.</span> <span class='ocrx_word' id='word_1_185' title='bbox 815 2737 874 2799; x_wconf 80' lang='grc' dir='ltr'>Καὶ</span> <span class='ocrx_word' id='word_1_186' title='bbox 899 2730 976 2798; x_wconf 77' lang='grc' dir='ltr'>οὕτω</span> <span class='ocrx_word' id='word_1_187' title='bbox 997 2734 1183 2809; x_wconf 83' lang='grc' dir='ltr'>ζηλώσουσιν</span> <span class='ocrx_word' id='word_1_188' title='bbox 1205 2733 1311 2818; x_wconf 86' lang='grc' dir='ltr'>α’ίλλοι,</span> <span class='ocrx_word' id='word_1_189' title='bbox 1337 2739 1390 2801; x_wconf 84' lang='grc' dir='ltr'>καί</span> <span class='ocrx_word' id='word_1_190' title='bbox 1414 2742 1465 2802; x_wconf 86' lang='grc' dir='ltr'>τοῦ</span> 
     </span>
     <span class='ocr_line' id='line_1_22' title="bbox 372 2843 1464 2936; baseline 0.004 -28"><span class='ocrx_word' id='word_1_191' title='bbox 372 2844 494 2927; x_wconf 86' lang='grc' dir='ltr'>λοιποῦ,</span> <span class='ocrx_word' id='word_1_192' title='bbox 515 2844 548 2907; x_wconf 82' lang='grc' dir='ltr'>οὐ</span> <span class='ocrx_word' id='word_1_193' title='bbox 564 2846 651 2931; x_wconf 91' lang='grc' dir='ltr'>μόνον</span> <span class='ocrx_word' id='word_1_194' title='bbox 665 2846 738 2934; x_wconf 88' lang='grc' dir='ltr'>πρός</span> <span class='ocrx_word' id='word_1_195' title='bbox 754 2846 788 2908; x_wconf 85' lang='grc' dir='ltr'>τὸ</span> <span class='ocrx_word' id='word_1_196' title='bbox 803 2846 911 2936; x_wconf 90' lang='grc' dir='ltr'>παρόν,</span> <span class='ocrx_word' id='word_1_197' title='bbox 930 2844 1008 2909; x_wconf 82' lang='grc' dir='ltr'>ἀλλὰ</span> <span class='ocrx_word' id='word_1_198' title='bbox 1025 2846 1076 2909; x_wconf 83' lang='grc' dir='ltr'>καί</span> <span class='ocrx_word' id='word_1_199' title='bbox 1092 2845 1165 2935; x_wconf 85' lang='grc' dir='ltr'>πρὸς</span> <span class='ocrx_word' id='word_1_200' title='bbox 1177 2845 1211 2908; x_wconf 88' lang='grc' dir='ltr'>τό</span> <span class='ocrx_word' id='word_1_201' title='bbox 1226 2843 1348 2931; x_wconf 87' lang='grc' dir='ltr'>μέλλον,</span> <span class='ocrx_word' id='word_1_202' title='bbox 1368 2847 1464 2919; x_wconf 83' lang='grc' dir='ltr'>ὀνήσει</span> 
     </span>
     <span class='ocr_line' id='line_1_23' title="bbox 373 2953 1464 3050; baseline 0.005 -32"><span class='ocrx_word' id='word_1_203' title='bbox 373 2957 425 3025; x_wconf 84' lang='grc' dir='ltr'>τήν</span> <span class='ocrx_word' id='word_1_204' title='bbox 441 2955 525 3020; x_wconf 89' lang='grc' dir='ltr'>πόλιν</span> <span class='ocrx_word' id='word_1_205' title='bbox 542 2958 560 3025; x_wconf 90' lang='grc' dir='ltr'>ή</span> <span class='ocrx_word' id='word_1_206' title='bbox 578 2954 649 3045; x_wconf 82' lang='grc' dir='ltr'>παρ’</span> <span class='ocrx_word' id='word_1_207' title='bbox 668 2953 749 3041; x_wconf 83' lang='grc' dir='ltr'>ὑμῶν</span> <span class='ocrx_word' id='word_1_208' title='bbox 768 2955 864 3046; x_wconf 82' lang='grc' dir='ltr'>ψήφος</span> <span class='ocrx_word' id='word_1_209' title='bbox 881 2953 973 3039; x_wconf 73' lang='grc' dir='ltr'>αὕτη,</span> <span class='ocrx_word' id='word_1_210' title='bbox 994 2956 1094 3030; x_wconf 83' lang='grc' dir='ltr'>καλῶς</span> <span class='ocrx_word' id='word_1_211' title='bbox 1113 2954 1328 3042; x_wconf 79' lang='grc' dir='ltr'>ἔπενεχθεῖσα,</span> <span class='ocrx_word' id='word_1_212' title='bbox 1349 2959 1391 3034; x_wconf 87' lang='grc' dir='ltr'>ὡς</span> <span class='ocrx_word' id='word_1_213' title='bbox 1407 2959 1464 3050; x_wconf 82' lang='grc' dir='ltr'>ἐγὼ</span> 
     </span>
     <span class='ocr_line' id='line_1_24' title="bbox 373 3065 863 3156; baseline -0.002 -27"><span class='ocrx_word' id='word_1_214' title='bbox 373 3065 451 3156; x_wconf 84' lang='grc' dir='ltr'>λέγω</span> <span class='ocrx_word' id='word_1_215' title='bbox 466 3066 517 3129; x_wconf 83' lang='grc' dir='ltr'>καὶ</span> <span class='ocrx_word' id='word_1_216' title='bbox 536 3068 644 3139; x_wconf 86' lang='grc' dir='ltr'>ποίντες</span> <span class='ocrx_word' id='word_1_217' title='bbox 663 3068 863 3155; x_wconf 87' lang='grc' dir='ltr'>συμφήσαιεν.</span> 
     </span>
    </p>
   </div>
   <div class='ocr_carea' id='block_1_4' title="bbox 371 3299 1463 3997">
    <p class='ocr_par' dir='ltr' id='par_1_6' title="bbox 407 3299 1462 3368">
     <span class='ocr_line' id='line_1_25' title="bbox 407 3299 1462 3368; baseline 0.006 -19"><span class='ocrx_word' id='word_1_218' title='bbox 407 3301 414 3325; x_wconf 84' lang='lat'>¹</span> <span class='ocrx_word' id='word_1_219' title='bbox 429 3299 510 3364; x_wconf 79' lang='grc' dir='ltr'>Ζῆλον]</span> <span class='ocrx_word' id='word_1_220' title='bbox 524 3299 579 3348; x_wconf 81' lang='lat' dir='ltr'>vide</span> <span class='ocrx_word' id='word_1_221' title='bbox 593 3316 618 3364; x_wconf 89' lang='lat' dir='ltr'>p.</span> <span class='ocrx_word' id='word_1_222' title='bbox 632 3301 695 3359; x_wconf 70' lang='lat'>224,</span> <span class='ocrx_word' id='word_1_223' title='bbox 707 3316 731 3350; x_wconf 89' lang='lat' dir='ltr'>n.</span> <span class='ocrx_word' id='word_1_224' title='bbox 747 3304 770 3349; x_wconf 87' lang='lat'>3.</span> <span class='ocrx_word' id='word_1_225' title='bbox 932 3304 1003 3352; x_wconf 79' lang='lat' dir='ltr'>Anai.</span> <span class='ocrx_word' id='word_1_226' title='bbox 1021 3313 1038 3352; x_wconf 91' lang='lat' dir='ltr'>t.</span> <span class='ocrx_word' id='word_1_227' title='bbox 1055 3303 1102 3363; x_wconf 82' lang='lat' dir='ltr'>Vl,</span> <span class='ocrx_word' id='word_1_228' title='bbox 1118 3320 1144 3368; x_wconf 87' lang='lat' dir='ltr'>p.</span> <span class='ocrx_word' id='word_1_229' title='bbox 1159 3305 1222 3364; x_wconf 74' lang='grc'>396,</span> <span class='ocrx_word' id='word_1_230' title='bbox 1235 3305 1339 3357; x_wconf 80' lang='lat' dir='ltr'>Herald.</span> <span class='ocrx_word' id='word_1_231' title='bbox 1351 3307 1383 3357; x_wconf 84' lang='lat' dir='ltr'>ad</span> <span class='ocrx_word' id='word_1_232' title='bbox 1395 3307 1462 3357; x_wconf 76' lang='lat' dir='ltr'>Mart.</span> 
     </span>
    </p>

    <p class='ocr_par' dir='ltr' id='par_1_7' title="bbox 406 3378 1460 3450">
     <span class='ocr_line' id='line_1_26' title="bbox 406 3378 1460 3450; baseline 0.007 -24"><span class='ocrx_word' id='word_1_233' title='bbox 406 3378 753 3428; x_wconf 65' lang='lat' dir='ltr'>&#39;VideturdeesseoinSedei</span> <span class='ocrx_word' id='word_1_234' title='bbox 762 3395 787 3444; x_wconf 92' lang='lat' dir='ltr'>p.</span> <span class='ocrx_word' id='word_1_235' title='bbox 796 3381 901 3439; x_wconf 67' lang='lat' dir='ltr'>925,tt.</span> <span class='ocrx_word' id='word_1_236' title='bbox 932 3383 960 3438; x_wconf 85' lang='lat'>8,</span> <span class='ocrx_word' id='word_1_237' title='bbox 976 3381 1022 3441; x_wconf 74' lang='lat' dir='ltr'>tt,</span> <span class='ocrx_word' id='word_1_238' title='bbox 1041 3397 1067 3444; x_wconf 91' lang='lat' dir='ltr'>p.</span> <span class='ocrx_word' id='word_1_239' title='bbox 1090 3382 1324 3439; x_wconf 78' lang='lat' dir='ltr'>163;Schnei‹1ew.</span> <span class='ocrx_word' id='word_1_240' title='bbox 1347 3386 1379 3434; x_wconf 85' lang='lat' dir='ltr'>ad</span> <span class='ocrx_word' id='word_1_241' title='bbox 1397 3385 1460 3450; x_wconf 85' lang='lat' dir='ltr'>lbyc.</span> 
     </span>
    </p>

    <p class='ocr_par' dir='ltr' id='par_1_8' title="bbox 371 3456 1463 3997">
     <span class='ocr_line' id='line_1_27' title="bbox 406 3456 1428 3525; baseline 0.006 -19"><span class='ocrx_word' id='word_1_242' title='bbox 406 3458 499 3515; x_wconf 61' lang='lat' dir='ltr'>wod..</span> <span class='ocrx_word' id='word_1_243' title='bbox 515 3461 710 3525; x_wconf 72' lang='grc' dir='ltr'>φυλλοῧουλήοεις.</span> <span class='ocrx_word' id='word_1_244' title='bbox 726 3456 817 3505; x_wconf 80' lang='lat' dir='ltr'>ntludit</span> <span class='ocrx_word' id='word_1_245' title='bbox 830 3456 903 3522; x_wconf 87' lang='lat' dir='ltr'>idque</span> <span class='ocrx_word' id='word_1_246' title='bbox 930 3473 956 3522; x_wconf 87' lang='lat' dir='ltr'>p.</span> <span class='ocrx_word' id='word_1_247' title='bbox 975 3459 1034 3515; x_wconf 69' lang='lat'>1903</span> <span class='ocrx_word' id='word_1_248' title='bbox 1049 3458 1118 3507; x_wconf 79' lang='lat' dir='ltr'>Tasel</span> <span class='ocrx_word' id='word_1_249' title='bbox 1130 3458 1234 3508; x_wconf 84' lang='lat' dir='ltr'>Dilucid.</span> <span class='ocrx_word' id='word_1_250' title='bbox 1249 3477 1275 3525; x_wconf 91' lang='lat' dir='ltr'>p.</span> <span class='ocrx_word' id='word_1_251' title='bbox 1290 3464 1356 3523; x_wconf 77' lang='lat'>705,</span> <span class='ocrx_word' id='word_1_252' title='bbox 1369 3462 1428 3513; x_wconf 82' lang='grc'><strong>936.</strong></span> 
     </span>
     <span class='ocr_line' id='line_1_28' title="bbox 372 3533 1463 3604; baseline 0.004 -20"><span class='ocrx_word' id='word_1_253' title='bbox 372 3535 496 3599; x_wconf 81' lang='lat' dir='ltr'>eleganter</span> <span class='ocrx_word' id='word_1_254' title='bbox 509 3537 539 3582; x_wconf 86' lang='lat' dir='ltr'>ad</span> <span class='ocrx_word' id='word_1_255' title='bbox 554 3544 660 3584; x_wconf 86' lang='lat' dir='ltr'>veterem</span> <span class='ocrx_word' id='word_1_256' title='bbox 671 3539 818 3604; x_wconf 75' lang='grc' dir='ltr'>φυλλοόολίας</span> <span class='ocrx_word' id='word_1_257' title='bbox 828 3545 853 3584; x_wconf 88' lang='lat' dir='ltr'>et</span> <span class='ocrx_word' id='word_1_258' title='bbox 865 3538 904 3584; x_wconf 79' lang='grc' dir='ltr'>ἀν·</span> <span class='ocrx_word' id='word_1_259' title='bbox 963 3533 1120 3584; x_wconf 77' lang='lat' dir='ltr'>‘Antithesin</span> <span class='ocrx_word' id='word_1_260' title='bbox 1135 3539 1181 3587; x_wconf 83' lang='grc' dir='ltr'>ἀπὸ</span> <span class='ocrx_word' id='word_1_261' title='bbox 1199 3545 1294 3589; x_wconf 83' lang='grc' dir='ltr'>πάντων</span> <span class='ocrx_word' id='word_1_262' title='bbox 1308 3545 1338 3597; x_wconf 81' lang='grc' dir='ltr'>ὡς</span> <span class='ocrx_word' id='word_1_263' title='bbox 1353 3547 1401 3604; x_wconf 79' lang='grc' dir='ltr'>μία</span> <span class='ocrx_word' id='word_1_264' title='bbox 1416 3555 1463 3589; x_wconf 85' lang='lat' dir='ltr'>me·</span> 
     </span>
     <span class='ocr_line' id='line_1_29' title="bbox 373 3613 1461 3681; baseline 0.002 -17"><span class='ocrx_word' id='word_1_265' title='bbox 373 3618 477 3669; x_wconf 73' lang='grc' dir='ltr'>θοεολιας</span> <span class='ocrx_word' id='word_1_266' title='bbox 494 3629 585 3662; x_wconf 86' lang='lat' dir='ltr'>rnorem</span> <span class='ocrx_word' id='word_1_267' title='bbox 599 3614 624 3662; x_wconf 90' lang='lat' dir='ltr'>in</span> <span class='ocrx_word' id='word_1_268' title='bbox 641 3616 719 3664; x_wconf 81' lang='lat' dir='ltr'>luctus</span> <span class='ocrx_word' id='word_1_269' title='bbox 737 3627 761 3664; x_wconf 87' lang='lat' dir='ltr'>et</span> <span class='ocrx_word' id='word_1_270' title='bbox 777 3615 801 3661; x_wconf 95' lang='lat' dir='ltr'>in</span> <span class='ocrx_word' id='word_1_271' title='bbox 815 3613 902 3662; x_wconf 82' lang='lat' dir='ltr'>iaetitiae</span> <span class='ocrx_word' id='word_1_272' title='bbox 930 3613 987 3661; x_wconf 89' lang='lat' dir='ltr'>mini</span> <span class='ocrx_word' id='word_1_273' title='bbox 1005 3614 1087 3677; x_wconf 88' lang='lat' dir='ltr'>legere</span> <span class='ocrx_word' id='word_1_274' title='bbox 1101 3617 1125 3663; x_wconf 87' lang='lat' dir='ltr'>in</span> <span class='ocrx_word' id='word_1_275' title='bbox 1139 3617 1264 3667; x_wconf 86' lang='lat' dir='ltr'>Theodori</span> <span class='ocrx_word' id='word_1_276' title='bbox 1277 3618 1423 3681; x_wconf 80' lang='lat' dir='ltr'>Rhodante,</span> <span class='ocrx_word' id='word_1_277' title='bbox 1441 3625 1461 3678; x_wconf 82' lang='lat' dir='ltr'>t,</span> 
     </span>
     <span class='ocr_line' id='line_1_30' title="bbox 372 3691 1461 3766; baseline 0.006 -28"><span class='ocrx_word' id='word_1_278' title='bbox 372 3691 587 3753; x_wconf 77' lang='lat' dir='ltr'>significationem,</span> <span class='ocrx_word' id='word_1_279' title='bbox 601 3692 631 3739; x_wconf 87' lang='lat' dir='ltr'>de</span> <span class='ocrx_word' id='word_1_280' title='bbox 646 3708 693 3757; x_wconf 88' lang='lat' dir='ltr'>qno</span> <span class='ocrx_word' id='word_1_281' title='bbox 708 3694 765 3741; x_wconf 84' lang='lat' dir='ltr'>olim</span> <span class='ocrx_word' id='word_1_282' title='bbox 777 3691 859 3740; x_wconf 85' lang='lat' dir='ltr'>monui</span> <span class='ocrx_word' id='word_1_283' title='bbox 872 3691 902 3739; x_wconf 84' lang='lat' dir='ltr'>ad</span> <span class='ocrx_word' id='word_1_284' title='bbox 929 3707 955 3755; x_wconf 88' lang='lat' dir='ltr'>p.</span> <span class='ocrx_word' id='word_1_285' title='bbox 972 3694 999 3740; x_wconf 83' lang='lat'>21</span> <span class='ocrx_word' id='word_1_286' title='bbox 1016 3711 1021 3740; x_wconf 93' lang='lat'>:</span> <span class='ocrx_word' id='word_1_287' title='bbox 1034 3697 1063 3740; x_wconf 86' lang='grc' dir='ltr'>Οἱ</span> <span class='ocrx_word' id='word_1_288' title='bbox 1080 3699 1165 3750; x_wconf 80' lang='grc' dir='ltr'>πάντες</span> <span class='ocrx_word' id='word_1_289' title='bbox 1181 3695 1244 3752; x_wconf 72' lang='grc' dir='ltr'>εὐθὺς</span> <span class='ocrx_word' id='word_1_290' title='bbox 1260 3710 1368 3762; x_wconf 83' lang='grc' dir='ltr'>συμμιγῆ</span> <span class='ocrx_word' id='word_1_291' title='bbox 1391 3706 1461 3766; x_wconf 80' lang='grc' dir='ltr'>φωνὴν</span> 
     </span>
     <span class='ocr_line' id='line_1_31' title="bbox 372 3767 1462 3844; baseline 0.009 -28"><span class='ocrx_word' id='word_1_292' title='bbox 372 3769 484 3830; x_wconf 84' lang='lat' dir='ltr'>Diogenis</span> <span class='ocrx_word' id='word_1_293' title='bbox 507 3767 628 3830; x_wconf 81' lang='lat' dir='ltr'>Epistolas</span> <span class='ocrx_word' id='word_1_294' title='bbox 654 3772 679 3818; x_wconf 89' lang='lat' dir='ltr'>in</span> <span class='ocrx_word' id='word_1_295' title='bbox 701 3771 797 3818; x_wconf 87' lang='lat' dir='ltr'>Notitiis</span> <span class='ocrx_word' id='word_1_296' title='bbox 820 3769 901 3818; x_wconf 81' lang='lat' dir='ltr'>Mann.</span> <span class='ocrx_word' id='word_1_297' title='bbox 929 3778 986 3834; x_wconf 79' lang='grc' dir='ltr'>μίαν</span> <span class='ocrx_word' id='word_1_298' title='bbox 1009 3767 1134 3838; x_wconf 78' lang='grc' dir='ltr'>Ἐκραξοιν.</span> <span class='ocrx_word' id='word_1_299' title='bbox 1160 3773 1253 3823; x_wconf 83' lang='lat' dir='ltr'>Pariter</span> <span class='ocrx_word' id='word_1_300' title='bbox 1272 3791 1299 3840; x_wconf 87' lang='lat' dir='ltr'>p.</span> <span class='ocrx_word' id='word_1_301' title='bbox 1325 3779 1356 3825; x_wconf 78' lang='lat'>37</span> <span class='ocrx_word' id='word_1_302' title='bbox 1380 3795 1385 3824; x_wconf 84' lang='grc' dir='ltr'>ι</span> <span class='ocrx_word' id='word_1_303' title='bbox 1407 3783 1462 3844; x_wconf 83' lang='grc' dir='ltr'>Πρὸς</span> 
     </span>
     <span class='ocr_line' id='line_1_32' title="bbox 373 3845 1462 3922; baseline 0.007 -28"><span class='ocrx_word' id='word_1_304' title='bbox 373 3857 390 3895; x_wconf 91' lang='lat' dir='ltr'>t.</span> <span class='ocrx_word' id='word_1_305' title='bbox 413 3845 448 3903; x_wconf 84' lang='lat' dir='ltr'>X,</span> <span class='ocrx_word' id='word_1_306' title='bbox 469 3861 494 3909; x_wconf 86' lang='lat' dir='ltr'>p.</span> <span class='ocrx_word' id='word_1_307' title='bbox 527 3847 586 3904; x_wconf 76' lang='lat'><strong>194;</strong></span> <span class='ocrx_word' id='word_1_308' title='bbox 612 3847 643 3894; x_wconf 83' lang='lat' dir='ltr'>ad</span> <span class='ocrx_word' id='word_1_309' title='bbox 672 3847 779 3897; x_wconf 80' lang='lat' dir='ltr'>Nicetam</span> <span class='ocrx_word' id='word_1_310' title='bbox 808 3849 902 3912; x_wconf 78' lang='lat' dir='ltr'>Eugen.</span> <span class='ocrx_word' id='word_1_311' title='bbox 930 3856 1005 3899; x_wconf 77' lang='grc' dir='ltr'>ταῦτα</span> <span class='ocrx_word' id='word_1_312' title='bbox 1029 3856 1115 3917; x_wconf 77' lang='grc' dir='ltr'>κράξας</span> <span class='ocrx_word' id='word_1_313' title='bbox 1137 3863 1245 3916; x_wconf 76' lang='grc' dir='ltr'>συμμιγῆ</span> <span class='ocrx_word' id='word_1_314' title='bbox 1265 3861 1341 3922; x_wconf 84' lang='grc' dir='ltr'>φωνὴν</span> <span class='ocrx_word' id='word_1_315' title='bbox 1362 3861 1420 3918; x_wconf 84' lang='grc' dir='ltr'>μίαν</span> <span class='ocrx_word' id='word_1_316' title='bbox 1437 3851 1462 3902; x_wconf 83' lang='lat'>‘0</span> 
     </span>
     <span class='ocr_line' id='line_1_33' title="bbox 371 3921 1186 3997; baseline 0.002 -23"><span class='ocrx_word' id='word_1_317' title='bbox 371 3942 397 3991; x_wconf 87' lang='lat' dir='ltr'>p.</span> <span class='ocrx_word' id='word_1_318' title='bbox 410 3924 472 3984; x_wconf 75' lang='lat'>3963</span> <span class='ocrx_word' id='word_1_319' title='bbox 483 3921 513 3972; x_wconf 84' lang='lat' dir='ltr'>ad</span> <span class='ocrx_word' id='word_1_320' title='bbox 523 3923 622 3974; x_wconf 85' lang='lat' dir='ltr'>Bionem</span> <span class='ocrx_word' id='word_1_321' title='bbox 637 3927 658 3986; x_wconf 86' lang='grc'>1,</span> <span class='ocrx_word' id='word_1_322' title='bbox 668 3927 710 3974; x_wconf 81' lang='grc'>75.</span> <span class='ocrx_word' id='word_1_323' title='bbox 724 3925 794 3975; x_wconf 80' lang='lat' dir='ltr'>Adde</span> <span class='ocrx_word' id='word_1_324' title='bbox 804 3926 902 3977; x_wconf 57' lang='lat' dir='ltr'>Jacob&amp;</span> <span class='ocrx_word' id='word_1_325' title='bbox 930 3936 1097 3997; x_wconf 81' lang='grc' dir='ltr'>σνμπαρεστὼς</span> <span class='ocrx_word' id='word_1_326' title='bbox 1111 3929 1186 3993; x_wconf 86' lang='grc' dir='ltr'>όχλος.</span> 
     </span>
    </p>
   </div>
   <div class='ocr_carea' id='block_1_5' title="bbox 0 0 1846 5659">
    <p class='ocr_par' dir='ltr' id='par_1_9' title="bbox 0 0 1846 5659">
     <span class='ocr_line' id='line_1_34' title="bbox 0 0 1846 5659; baseline 0 1"><span class='ocrx_word' id='word_1_327' title='bbox 0 0 1846 5659; x_wconf 95' lang='lat' dir='ltr'> </span> 
     </span>
    </p>
   </div>
  </div>
 </body>
</html>
