3684 5659
459 632 531 704 244
795 636 830 695 Γ.
859 635 934 696 ΤΟΥ
960 632 1216 695 ΠΑΧΥΜΕΡΟΥΣ

459 767 574 863 ἄνδρας
597 775 684 844 ὄντας
707 767 853 852 ἐκείνους,
877 767 987 832 καὶτὰ
1006 775 1128 857 τροφεῖα
1152 762 1280 842 δικαίως
1302 766 1496 832 ἀποτιννῦυαι
1517 793 1550 840 τη

458 877 583 973 πατρίδι
599 880 755 962 θέλοντας,
774 880 830 953 τὰς
847 877 951 966 ψυχάς
966 879 1148 960 ἀηττήτους,
1167 872 1440 970 διακαρτεροῦντας
1452 889 1552 945 πεσεῖν

456 1002 521 1068 τοῖς
545 993 685 1078 σώμασι,
707 990 759 1055 καὶ
780 984 877 1064 (λεῖξαι
894 990 946 1052 καὶ
964 997 1028 1063 τοῖς
1044 987 1164 1079 ἐχθροῖς
1183 989 1224 1063 ὡς
1241 984 1328 1053 οὐθέν
1351 987 1456 1065 αὐτοῖς
1475 1014 1550 1081 προ-

456 1102 610 1191 τιμότερον
634 1104 687 1163 τοῦ
712 1097 777 1185 μετ’
802 1097 970 1189 ἐλευθερίας
994 1096 1232 1188 ἀγωνιζομένους
1253 1107 1373 1163 πεσεῖν·
1399 1097 1434 1164 σὲ
1455 1093 1490 1164 δέ
1505 1135 1551 1148 -·

398 1267 403 1273 .
457 1211 533 1277 θέλω
546 1210 643 1302 λέγειν
657 1209 811 1296 πολέμιον,
823 1211 875 1274 καί
893 1209 993 1273 τὸτοῦ
1008 1213 1179 1299 στρατηγοῦ
1197 1217 1304 1298 σχῆμα
1322 1209 1551 1298 σεὸἀζομαι-

458 1321 526 1386 ἀλλ’
545 1314 610 1405 οῦν,
631 1319 701 1386 ὅσον
717 1321 751 1384 τὸ
769 1318 815 1384 ἐπ’
834 1319 974 1403 ἐκείνοις,
994 1319 1045 1383 καὶ
1064 1318 1153 1384 πλέον
1169 1326 1313 1411 εἴργασαι
1327 1319 1487 1408 πολεμίου.
1508 1322 1549 1388 ol

456 1435 516 1525 γὰρ
533 1432 794 1524 παραταττόμενοι
810 1432 862 1495 καὶ
881 1439 944 1505 τοῖς
960 1429 1081 1521 ἐχθροῖς
1100 1429 1337 1517 συμπλεκόμενοι
1358 1432 1412 1495 καί
1437 1434 1545 1523 ἀγωνι·

457 1544 574 1630 ζόμενοι
597 1546 734 1626 ἔπιπτον,
761 1540 843 1624 ἀλλ’,
875 1539 934 1604 ὑῶν
960 1541 1069 1631 τρόπον
1097 1540 1117 1610 i
1146 1543 1314 1632 χειροήθων
1342 1540 1546 1632 θρεμμάτων,

456 1652 649 1745 ἐσφάττοντο.
682 1633 839 1718 Ᾰπέκτεινε
869 1653 921 1716 καὶ
950 1649 1096 1726 Βασιλεὺς
1122 1649 1151 1715 ἐν
1178 1648 1310 1727 Πῦλαις’
1333 1655 1545 1742 τριακοσίους,

456 1763 523 1829 ἀλλ’
541 1770 695 1855 εἴργοντας
717 1764 769 1834 τήν
786 1758 899 1838 είςοθον
917 1761 1030 1827 ἐκείνου
1047 1761 1100 1832 τήν
1118 1761 1147 1837 ἐς
1164 1767 1216 1826 τοῦ
1236 1761 1391 1844 Πέλοπος,
1410 1765 1463 1827 καί
1480 1765 1549 1856 πρό-

455 1897 538 1965 τερον
551 1873 720 1965 προθύμους
735 1879 823 1948 όντας
839 1882 953 1957 πεσεῖν,
974 1875 999 1937 εί
1017 1872 1058 1960 μή
1072 1871 1290 1963 περιγένοιντο,
1309 1871 1329 1942 ii
1344 1871 1457 1938 ἐκεῖνον
1471 1872 1549 1940 ἐνθυ-

455 1986 585 2070 μηθήναι
609 1993 731 2055 νικήσαι
757 1987 809 2048 καὶ
841 1980 955 2076 θράσαι
979 1985 1019 2048 τά
1049 1986 1183 2071 ἔσχατα.
1210 1980 1250 2045 Σὺ
1271 1977 1311 2053 ,δὲ
1339 1987 1465 2058 ζητοῦσι
1490 1995 1548 2062 τοῖς

454 2093 608 2183 ἡμετέροις
636 2095 688 2164 τήν
713 2098 755 2169 εἰς
778 2095 831 2164 τήν
856 2092 942 2158 πόλιν
965 2087 1079 2168 είςοδον
1107 2090 1269 2183 ἐπεζῦγους
1293 2093 1350 2167 τάς
1376 2092 1476 2170 πύλας
1499 2104 1547 2172 τῆς

454 2202 587 2288 πόλεως,
612 2206 683 2289 καί,
709 2204 803 2296 ὥςπερ
827 2207 852 2268 εί
876 2204 917 2292 μή
936 2199 1083 2294 θιαροράν
1100 2202 1192 2293 φίλων
1207 2197 1293 2292 ήάεις
1311 2205 1364 2268 καῖ
1386 2204 1545 2293 πολεμίων,

455 2309 550 2391 οὕτως
571 2315 740 2406 ήσραλίζου
766 2317 821 2390 τάς
846 2315 945 2398 κλεῖς,
974 2315 1026 2378 καὶ
1053 2314 1133 2377 κατά
1161 2313 1262 2400 στόμα
1289 2321 1355 2389 τοῖς
1382 2311 1548 2402 ἡμεδαποῖς

454 2427 608 2511 ἀπήντας,
628 2429 679 2491 καὶ
704 2428 756 2498 τήν
778 2428 928 2517 σωτηρίαν
945 2425 1049 2499 αὐτοῖς
1066 2423 1264 2512 ἐπετείχιζες.
1283 2425 1343 2489 Καὶ
1363 2424 1480 2513 τολμᾷς
1497 2427 1548 2494 λέ·

454 2559 517 2625 γειν
537 2537 579 2612 ὡς
597 2535 651 2601 οῦκ
668 2537 861 2617 ἀπέκτεινας;

502 2652 576 2723 Ταῖς
597 2644 704 2739 χερσί8
725 2646 777 2734 μὲν
800 2647 853 2712 οῦκ
875 2645 1068 2730 ἀπέκτεινας,
1092 2646 1164 2736 φημί
1190 2646 1296 2736 κάγώ,
1320 2654 1357 2736 τῇ
1375 2642 1410 2712 δὲ
1431 2648 1547 2720 θελήσει

453 2758 505 2821 καὶ
523 2766 566 2843 τῷ
584 2767 705 2845 σκοπῷ·
730 2761 782 2824 καὶ
803 2764 889 2823 τοῦτο
907 2758 1021 2845 μᾶλλον
1037 2755 1180 2848 ἡγήσαιτ’
1199 2763 1237 2821 ἀν
1252 2781 1299 2833 τις
1314 2762 1383 2822 νοῦν
1401 2761 1481 2849 ἔχων
1496 2762 1545 2827 καλ

452 2868 539 2956 (γόνον
556 2867 674 2933 ἐκείνων
691 2871 743 2933 καὶ
764 2870 845 2933 κατά
867 2877 919 2944 τῆς
940 2868 1054 2944 πόλεως
1075 2864 1226 2943 όῦςνοιαν.
1245 2845 1288 2932 llv
1306 2869 1365 2958 γάρ
1384 2868 1492 2935 ἐκεῖνοι
1509 2872 1546 2946 ὡς

453 2976 622 3068 ἀσφαλείας
645 2985 783 3069 ἀγκυραν
807 2976 888 3067 εἶχον
911 2981 963 3043 καὶ
988 2980 1083 3070 ίεροίν,
1102 2980 1136 3042 τό
1155 2984 1207 3042 τοῦ
1225 2976 1347 3070 λόγον’,
1373 2983 1426 3045 καὶ
1445 3006 1545 3046 κατα’

487 3215 493 3239 ¹
511 3215 582 3263 Parili
605 3214 786 3279 comparatione
812 3213 936 3278 Eunapius
954 3212 986 3260 de
1047 3211 1141 3270 ²Cod.,
1157 3217 1237 3280 πίλῳ,
1253 3229 1307 3263 cum
1321 3216 1490 3281 superscripto
1501 3237 1544 3273 αις.

452 3290 547 3341 Ablabii
559 3308 634 3352 nece,
645 3309 671 3357 p.
686 3294 716 3341 26
730 3311 735 3339 :
749 3292 899 3360 κρεουργηδὸν
911 3291 986 3358 ὥςπερ
1012 3290 1187 3357 Thermopylas
1193 3291 1323 3356 significat,
1332 3303 1356 3342 et
1363 3293 1545 3343 trecentosillos

452 3392 476 3421 τι
496 3381 541 3421 τῶν
556 3375 578 3422 ἐν
599 3383 651 3429 ταῖς
669 3371 779 3436 εὐωχίαις
800 3380 857 3433 ζῶον
879 3375 986 3420 κατακό·
1012 3368 1160 3434 Spartanos,
1173 3369 1229 3434 qui,
1247 3368 1309 3418 duce
1323 3369 1449 3432 Leonida,
1464 3372 1545 3421 Persas

451 3457 542 3514 ψαντες.
565 3450 648 3512 Idem,
670 3467 696 3516 p.
717 3452 747 3498 63
768 3470 773 3498 :
793 3457 887 3500 πάντων
910 3469 985 3497 κατα·
1011 3447 1208 3510 Peloponnesum
1243 3448 1397 3512 ingressuros
1427 3449 1545 3514 repellere

450 3531 596 3594 κοπτομένων
614 3532 688 3598 ὥςπερ
705 3531 857 3596 ἀλεκτορίδων
875 3530 896 3577 ἐν
916 3531 986 3595 ἑορτῇ
1011 3526 1091 3574 conati
1102 3534 1168 3573 sunt.

450 3615 488 3656 καί
505 3617 634 3675 συμποσίῳ.
650 3610 701 3669 Qua
714 3608 867 3674 ἀλεκτορίδων
879 3606 984 3669 imagine
1043 3603 1161 3653 ³Sch0l.:
1178 3611 1256 3673 βίαιος
1268 3605 1331 3670 ὅρος.

450 3686 526 3734 ulitur
541 3695 565 3734 et
583 3703 609 3746 p.
628 3688 685 3734 491.
704 3684 739 3734 lbi
753 3702 813 3735 meae
830 3694 902 3733 notae.
922 3687 983 3732 Am·
1044 3680 1185 3730 ‘Lucienus
1206 3682 1262 3747 lup.
1287 3683 1360 3747 Trag.
1383 3682 1411 3730 51
1427 3703 1434 3732 ε
1451 3685 1544 3734 ἄκουσον

449 3763 544 3812 mianus
558 3763 631 3812 Mare.
650 3766 693 3817 14,
713 3767 728 3811 Τ
745 3784 751 3812 ι
769 3783 779 3807 ιι
794 3762 915 3827 pecudum
937 3762 985 3810 rilu
1010 3756 1048 3809 οὖν
1062 3769 1104 3817 τὴν
1118 3763 1190 3826 ἱεράν,
1206 3769 1286 3829 ρασῖν,
1299 3763 1414 3827 ἄγκυραν.
1427 3762 1463 3812 lbi
1477 3762 1544 3812 scho-

449 3841 561 3890 inertium
572 3841 724 3891 trucidantur
737 3861 758 3890 ν.
773 3842 854 3890 Passio
864 3840 888 3890 S.
902 3840 984 3891 Victo·
1010 3838 1091 3888 liastes
1104 3859 1110 3888 :
1124 3842 1213 3907 ἄγκυρα
1228 3841 1291 3890 ἐστιν
1308 3841 1331 3888 ἐν
1352 3850 1383 3909 τῇ
1400 3846 1438 3897 νηῖ
1454 3852 1486 3910 τῇ
1500 3861 1544 3905 με·

449 3919 482 3969 ris
494 3918 561 3969 initio
576 3939 581 3966 ι
596 3937 607 3962 ιι
622 3928 687 3968 lania
706 3918 849 3968 crudelitate
868 3920 891 3966 in
914 3916 984 3967 chri·
1010 3927 1077 3986 γῖστη
1091 3917 1181 3982 (polius
1194 3925 1208 3974 ἡ
1223 3916 1334 3983 μεγίστη)
1347 3920 1373 3975 ἣν
1388 3922 1498 3969 καλοῦσιν
1510 3924 1544 3968 li*

449 3995 983 4062 Silanorumsuppllcla....raptabalur‚ul....
1010 4002 1062 4064 ράυ·
1074 3993 1134 4052 αὓτη
1148 3997 1185 4054 δέ,
1203 3997 1241 4047 ὅτε
1257 4002 1331 4061 μέγας
1342 4000 1476 4047 invallem
1494 4005 1543 4046 κίν-

448 4075 635 4126 irrecitabilibus
660 4085 835 4124 tormentorum
855 4073 985 4138 generibus
1010 4076 1087 4134 δυνος,
1120 4079 1243 4125 τελευταία
1269 4079 1393 4144 βάλλεται.
1426 4075 1544 4124 lucianus

449 4155 602 4203 excruciatos
617 4154 687 4203 vilius
700 4170 773 4219 quam
789 4155 897 4218 pecudes
909 4153 986 4202 truci·
1010 4153 1083 4202 eiiam
1096 4153 1215 4202 videndus
1229 4153 1308 4217 Fugit.
1329 4154 1372 4211 13,
1387 4152 1428 4201 ubi
1448 4153 1543 4203 Burde-

449 4228 518 4277 ‹laret
540 4249 562 4279 ν.
586 4232 656 4281 Adde
686 4232 783 4282 Jacobs.
812 4231 843 4280 ad
869 4233 983 4282 Philostr.
1010 4233 1288 4282 lolussuainnotamin
1306 4231 1542 4297 lovisTragoedilo-

447 4321 474 4367 p.
488 4307 531 4353 llil
539 4343 545 4356 .
558 4309 692 4359 Meriiuaeus
706 4312 768 4360 llist.
783 4311 845 4360 Petri
856 4310 982 4360 Crudelis:
1010 4327 1064 4359 cum
1085 4311 1190 4373 indicat,
1203 4328 1275 4377 quam
1292 4310 1416 4373 Bipontini
1437 4311 1476 4359 vel
1495 4326 1540 4359 nou

451 4399 518 4432 ison
538 4385 674 4436 adversaire
687 4390 793 4447 survint,
808 4389 848 4452 qui
862 4388 983 4451 l'egorgea
1009 4400 1167 4452 repererunt,
1179 4391 1216 4439 vel
1227 4428 1233 4450 ‚
1246 4389 1313 4454 quod
1327 4389 1367 4438 vix
1386 4389 1485 4455 opinor,
1498 4404 1541 4437 ne-

450 4480 461 4505 «
474 4474 570 4512 comme
582 4479 614 4512 un
629 4466 717 4515 animal
729 4469 742 4515 a
754 4467 778 4516 la
790 4466 921 4516 boucherie
933 4485 955 4513 ».
1009 4466 1145 4528 glexerunt.
1157 4467 1306 4520 Scholiasles
1316 4467 1445 4528 Aristidis,
1457 4477 1474 4516 t.
1493 4465 1540 4524 lll,
