3684 5659
806 598 960 659 ΜΕΛΕΤΗ
987 586 1035 659 H'.
1398 594 1468 663 145

371 732 525 821 γνησίοις·
556 728 611 794 οῦκ
634 732 869 818 ἀντιποιήσομαι
887 730 1026 810 πώποτε,
1051 731 1104 795 οῦκ
1127 730 1249 819 ὀχλήσω
1266 730 1316 795 τόν
1332 732 1466 823 πατέρα,

373 840 409 905 οῦ
428 836 664 929 διαμαχέσομαι
689 842 762 933 πρὸς
785 840 854 917 τοῦς
876 865 948 906 ποτε
972 837 1135 931 ἀδελφούς·
1161 840 1195 906 οῦ
1219 850 1326 933 μοῖραν
1348 846 1468 918 ζητήσω

371 946 408 1029 ἧς
425 952 583 1044 ἀλλότριος
604 950 731 1042 γέγονα.
752 933 905 1043 Ᾰθελροῦς
928 950 962 1014 οῦ
984 950 1085 1038 τολμῶ
1109 950 1218 1042 λέγειν,
1238 953 1290 1016 καί
1310 976 1468 1040 συμμετα-

372 1072 461 1151 σχεῖν
481 1060 600 1136 τούτοις
623 1057 745 1137 οίξιώσω
768 1067 821 1126 τοῦ
845 1061 973 1153 κλήρου;
997 1061 1114 1152 πατέρα
1133 1064 1183 1126 τόν
1200 1086 1270 1126 ποτε
1290 1060 1396 1153 λέγωί,
1416 1067 1468 1128 καί

371 1178 423 1238 νῦν
440 1172 607 1261 λαμόοίνειν
631 1168 865 1261 θιϊσχυρίσομαι
885 1165 926 1236 ὧν
944 1162 1030 1246 οῦτος
1047 1171 1288 1250 ἀπεῦουκόλεσε;
1306 1173 1416 1265 πρέπον
1433 1175 1470 1239 ἀν

372 1278 409 1353 ἦν
426 1284 481 1348 καί
498 1288 588 1348 τοῦτο
603 1290 647 1370 τῷ
665 1281 727 1370 ἐμῷ
745 1279 888 1369 δαίμονι,
909 1285 933 1346 εἰ
952 1282 1025 1373 πρὸς
1043 1291 1079 1371 τῇ
1098 1278 1264 1371 όυςτυχίᾳ,
1284 1286 1336 1348 καὶ
1354 1287 1469 1374 μωρίαν

373 1394 517 1486 όιρλήσω,
538 1399 635 1469 ζητῶν
652 1395 692 1457 τά
708 1388 849 1481 μηόόλως
865 1395 1065 1483 προςήκοντα.

422 1508 462 1569 Εί
477 1503 604 1597 μὲνγὰρ
619 1504 903 1596 ὡςκληρονομήσων
920 1503 1107 1591 ἀντέχομαι,
1128 1505 1169 1580 ὡς
1182 1508 1355 1596 παράνομον
1372 1517 1469 1598 κρῖνε,

373 1616 428 1681 καί
448 1614 545 1690 λίθοις
560 1639 597 1702 με
615 1610 730 1700 βάλλε,
752 1617 806 1679 καί
822 1639 879 1679 που
896 1615 949 1679 καί
969 1615 999 1689 ές
1015 1615 1207 1705 Κυνόσαργες
1225 1614 1432 1704 ἀποπέμπου’,
1453 1619 1472 1688 ἡ

374 1726 435 1815 μήν
451 1729 495 1802 είς
510 1720 680 1818 κόρακαςί·
700 1722 855 1815 προθαλοῦ
869 1724 920 1788 τόν
934 1724 1036 1811 νόμον,
1055 1726 1107 1788 καί
1123 1721 1332 1802 καταθέκαζε·
1349 1725 1469 1818 ἐξηγοῦ,

373 1838 428 1903 καί
453 1839 635 1929 κατοίκρινε·
656 1859 672 1893 ιι
690 1838 727 1899 Τί
743 1838 832 1926 πάρει
856 1834 1087 1925 κληρονομήσων
1111 1834 1127 1899 ὁ
1153 1831 1233 1912 ξένος
1246 1861 1261 1894 ν
1279 1837 1365 1927 λέγε,
1386 1861 1403 1896 ιι
1419 1842 1471 1904 καί

374 1943 472 2035 μηδὲν
484 1950 639 2040 προςήκων
655 1956 718 2021 τοῖς
735 1953 911 2036 πατρικοίς;
931 1944 1050 2032 Νόμος,
1070 1947 1122 2010 καί
1143 1951 1253 2022 ζῶντος
1270 1953 1322 2012 τοῦ
1340 1950 1470 2040 πατρός,

373 2060 431 2131 τήν
453 2053 636 2150 ἀποκήρυξιν
658 2055 842 2140 έόεθαίωσε,
862 2056 952 2143 νόμος
968 2057 1020 2120 καὶ
1045 2057 1185 2132 θανόντος
1204 2057 1257 2128 τήν
1276 2058 1474 2151 ἀλλοτρίωσιν

376 2166 516 2255 βεθαιοί.
542 2170 601 2234 Καί
624 2177 685 2243 πᾶς
706 2192 752 2243 τις
772 2167 862 2242 ἄλλος
881 2165 1097 2258 κληρονομήσει
1117 2167 1230 2255 μᾶλλον
1246 2168 1265 2240 ἦ
1283 2169 1338 2254 σῦ,
1360 2171 1473 2260 ὁνόμῳ

374 2279 609 2368 ἀποκλειόμενος
623 2299 656 2336 ο·
673 2283 771 2357 ταῦτα
787 2276 873 2367 λέγε,
893 2277 945 2339 καί
961 2276 1002 2362 μή
1020 2272 1106 2350 ἀξίου
1119 2276 1169 2341 τὸν
1183 2273 1275 2363 μηθὲν
1290 2279 1469 2365 μετέχοντα.

375 2394 412 2456 El
429 2386 476 2473 δ’,
494 2390 542 2457 ότι
558 2395 632 2465 ναῦς
649 2389 781 2481 πατρική
799 2389 851 2452 καί
870 2381 988 2452 κλῦθων
1011 2385 1196 2461 θαλάσσιος,
1215 2389 1268 2450 καί
1287 2389 1375 2474 μόνος
1392 2390 1469 2480 ἐγώ,

375 2510 436 2569 τῶν
451 2500 553 2568 ἀλλων
571 2500 798 2592 ἀποφυγόντων,
816 2499 890 2589 πρὸς
907 2495 1017 2561 ἐκεῖνον
1034 2495 1190 2579 ἀντέστην,
1210 2499 1283 2581 καί,
1302 2498 1355 2568 τήν
1372 2499 1473 2587 ψυχήν

409 2766 526 2837 ’Πατέρα
539 2772 579 2819 τόν
595 2784 652 2819 ποτε
662 2766 731 2833 λέγω]
744 2766 802 2817 inde
814 2767 910 2818 videtur
938 2772 1013 2819 πέσθω
1034 2767 1056 2822 ἐς
1072 2769 1225 2831 Κυνόσαργες.
1252 2765 1282 2813 Et
1302 2763 1376 2813 hodie
1393 2763 1473 2814 adhuc

373 2847 487 2913 superius
502 2846 659 2899 scribendum
677 2866 684 2897 ι
700 2846 740 2897 οῦκ
757 2848 848 2912 ὀχλήσω
870 2853 909 2899 τόν
937 2848 990 2897 haec
1012 2843 1118 2893 dirarum
1138 2843 1242 2893 formula
1268 2842 1350 2905 vigere
1367 2842 1473 2892 videtur.

374 2945 434 2977 ποτε
445 2931 550 2994 πατέρα.
936 2931 1050 2992 Λαζαρᾶς
1064 2922 1100 2970 vir
1117 2920 1143 2970 d.
1160 2928 1271 2987 Φάσματι
1285 2928 1382 2989 Μάρκου
1396 2923 1474 2972 δεινο-

406 3002 574 3072 1Κυνόσαργες
589 3003 658 3053 loom
674 3002 719 3053 suit
732 3003 849 3061 Athenis,
861 3020 910 3070 quo
936 3008 1064 3062 παθοῦντι,
1079 3017 1105 3064 p.
1124 3002 1225 3057 30:314
1242 3005 1372 3069 βάραθρον,
1387 3004 1419 3057 εἰς
1434 3005 1473 3050 κό-

373 3081 442 3133 nothi
452 3082 514 3133 olim
524 3080 711 3147 abjiciebantur.
725 3080 784 3146 Ejus
798 3080 824 3131 fit
837 3096 908 3131 men·
935 3103 1009 3151 ρακας
1018 3085 1040 3131 οἱ
1049 3081 1130 3148 ἄνδρας
1141 3090 1188 3130 τῶν
1199 3083 1325 3145 αἱμοίτωνί
1338 3080 1387 3129 Και
1397 3088 1474 3142 ζήτω·

374 3160 408 3211 tio
436 3161 539 3227 panim.
569 3158 632 3210 Vide
663 3159 769 3209 Psellum
802 3158 908 3223 Opuscc.
936 3181 979 3211 σαν
992 3165 1015 3211 οἱ
1025 3159 1145 3218 Ἕλληνος,
1159 3161 1205 3209 υίοί
1218 3168 1265 3209 τῶν
1277 3158 1473 3208 &enirm-Non

373 3240 481 3304 ρ.105,
502 3254 559 3287 ουτοι
578 3253 633 3287 mea
649 3247 722 3297 nota;
742 3236 910 3286 Bartholinum
936 3237 1035 3288 exhibui
1050 3235 1164 3286 editionis
1184 3236 1299 3285 mendum
1313 3239 1346 3294 εἰς
1367 3242 1472 3304 κόρακος.

373 3315 595 3381 θιιΡοετριιτίο,ρ.
607 3317 647 3365 18.
659 3313 854 3380 GregoriusNaz.
866 3315 908 3363 Or.
937 3315 978 3365 Ιειί
1003 3316 1085 3381 ἄνδρες
1106 3324 1152 3363 τῶν
1181 3317 1291 3379 αἱμάτων
1317 3313 1391 3363 Turni
1417 3326 1474 3364 sunt

373 3396 404 3459 3,
416 3412 445 3462 p.
459 3397 492 3445 99
503 3414 511 3445 ι
522 3395 598 3446 τᾶλλα
613 3397 639 3445 δὲ
652 3396 796 3465 ἂπιρρίρθαι
807 3396 842 3451 τίς
857 3400 910 3443 Κυ-
937 3395 1097 3456 ἀσπλαγχνοι,
1113 3396 1172 3456 ὠμοὶ
1192 3398 1232 3440 καί
1251 3397 1407 3456 παλαμναῖοι.
1422 3393 1474 3440 Co-

372 3478 497 3544 νόσαργις,
516 3477 592 3542 ὥςπερ
610 3481 637 3525 τὸ
659 3478 735 3525 πάλαι
749 3478 803 3532 τοὺς
822 3478 909 3531 νόθους.
936 3487 1009 3536 rayus
1020 3470 1121 3534 Dialogo
1133 3471 1209 3519 altero
1223 3469 1380 3519 Democharis
1389 3480 1414 3518 et
1425 3470 1472 3518 Ρο-

372 3552 444 3603 Addo
455 3551 622 3616 Nicephorum
632 3552 657 3602 in
668 3561 727 3602 nota
740 3566 794 3617 seq.
936 3549 1052 3609 sicharis,
1071 3564 1098 3613 p.
1123 3549 1154 3596 35
1172 3566 1178 3596 ι
1199 3550 1273 3597 orem
1295 3567 1347 3604 τους
1369 3550 1402 3604 εἰς
1421 3552 1473 3604 τοὺς

404 3630 549 3699 ’Loquutio
568 3631 656 3692 attica,
675 3646 741 3696 ιωρο
759 3630 791 3680 ab
814 3630 909 3679 Aristo·
936 3632 1045 3696 κόρακας.
1059 3626 1165 3676 Utuntur
1175 3626 1352 3692 imprecatione
1361 3625 1409 3675 alia
1420 3643 1473 3692 quae

371 3708 455 3775 phano
465 3718 600 3775 usurpata,
610 3724 658 3775 qua
671 3711 761 3759 malum
776 3708 849 3757 alicui
861 3707 911 3757 im·
938 3705 992 3771 plus
1006 3703 1081 3754 hahet
1090 3704 1211 3754 novitatis.
1223 3703 1249 3753 si
1260 3704 1300 3754 cui
1313 3704 1473 3764 maledicunt,

371 3787 545 3853 precabantur.
555 3787 661 3850 Videtis,
669 3787 830 3838 intermultos
838 3786 909 3847 οΙίοι,
937 3799 993 3833 eum
1003 3783 1101 3833 mittunt
1113 3782 1221 3832 Cairum.
1233 3783 1270 3832 ΑΙ.
1284 3783 1369 3833 Sutsus
1380 3784 1471 3833 Satira:

371 3866 500 3917 Ermum
518 3865 613 3933 Adagio
635 3886 646 3911 ι
666 3868 698 3917 ad
714 3882 801 3917 corvos
822 3864 860 3914 abi
881 3883 908 3925 ν,
936 3868 984 3918 Τὴν
998 3870 1095 3926 πτωχὴν
1107 3861 1181 3918 αὐτὴν
1196 3866 1248 3913 θεάν
1261 3880 1302 3910 σου
1313 3864 1345 3919 εἰς
1356 3869 1383 3912 τὸ
1397 3868 1473 3930 Κάιρο

372 3942 436 3995 chii.
450 3946 481 4007 2,
497 3946 530 4006 2,
544 3947 586 3994 96.
605 3945 704 4006 Codex,
717 3960 790 4011 quem
809 3958 908 4009 sequor,
936 3942 973 3990 δὲν
986 3944 1099 3998 στέλλειςς
1113 3939 1146 3989 ibi
1160 3940 1273 4004 egregius
1283 3950 1357 4005 poeta
1368 3959 1374 3988 ι
1386 3943 1419 3996 εἰς
1431 3948 1473 3996 τὴν

372 4026 405 4081 εἰς
426 4028 537 4091 κόρακας.
557 4021 650 4073 Forsan
671 4023 804 4086 scripserat
824 4030 910 4070 auctor
935 4022 1164 4079 Πελοπόννησον,καί
1177 4022 1285 4083 μάλιστα
1299 4021 1384 4074 τὶςτὴν
1398 4024 1474 4068 Λακε·

373 4100 426 4165 ipse
436 4103 459 4159 iq
472 4105 591 4168 κόρακας,
604 4099 670 4166 quod
680 4101 753 4150 unice
766 4099 832 4162 apud
843 4099 909 4148 Atti-
937 4100 1049 4163 δαίμονα,
1058 4105 1267 4165 μεταχειρίζονται
1278 4097 1318 4145 διὰ
1327 4102 1434 4164 κατάραν
1445 4104 1472 4147 τὸ

373 4194 415 4229 σοι
423 4179 449 4228 in
460 4195 507 4228 usu
516 4179 591 4230 fuine
601 4178 677 4229 tradit
691 4177 826 4227 Helladuus.
839 4177 909 4227 Nice·
938 4195 949 4220 ι
961 4179 988 4233 ἃς
999 4181 1063 4243 πάγῃ
1075 4183 1115 4224 στὸ
1132 4176 1226 4243 Κοίϊροί
1246 4178 1323 4224 στεῖλί
1341 4194 1381 4224 τον
1400 4178 1433 4232 τίς
1445 4184 1472 4227 τὸ

374 4256 465 4321 phorm
481 4256 517 4308 De
540 4258 626 4323 lulag„
647 4272 719 4309 ame
737 4255 857 4306 adductus
876 4256 908 4305 ad
935 4255 1088 4324 Κάϊρο»,α“ι
1102 4258 1183 4304 ὁποῖαι
1194 4260 1291 4323 ρροίσιις
1307 4255 1472 4320 ἰσοδυναμοῦσι

375 4334 467 4387 Αυοοά.
481 4334 525 4386 Gr.
545 4346 563 4385 t.
581 4335 620 4395 ll,
636 4352 662 4402 p.
684 4336 733 4385 413
753 4353 759 4383 ι
773 4335 908 4403 ἀπερῥίρθω
935 4341 965 4399 μί
975 4339 1003 4384 τό
1015 4351 1026 4376 ¹
1039 4334 1067 4388 ἃς
1081 4338 1146 4401 πάγη
1157 4340 1212 4383 στὸν
1223 4335 1336 4382 Διάθολοί
1347 4337 1422 4384 στιῖλί
1433 4355 1472 4384 τον

376 4416 406 4472 ιίς
416 4419 522 4481 μακράν,
535 4416 633 4479 οἰχέσθω
645 4416 667 4473 ίς
676 4418 785 4484 κόρακας,
799 4414 909 4478 ἀποπεμ-
938 4417 970 4472 εἰς
984 4419 1022 4463 τὀν
1033 4415 1157 4463 Διοίθολονί
1171 4430 1182 4456 ι

1293 4494 1331 4550 19
