3684 5659
374 576 422 650 62
710 589 745 646 Γ.
773 586 847 647 τοι·
872 584 1128 647 πΑΧΥΜΕΡοΥΣ

374 720 529 785 θάλλοιντο
553 723 604 784 καί
629 719 698 795 τοὺς
719 722 848 798 πόνους,
874 720 980 785 ἐκεῖνοι
1007 718 1040 785 θὲ
1064 721 1121 808 οὐχ
1138 720 1218 794 ὅπως
1235 723 1325 812 χάριν
1347 724 1464 810 ἔχοιεν,

374 829 453 894 ἀλλά
472 832 523 894 καί
541 829 717 920 ἐγκλήματα
733 829 802 895 κατ’
821 830 919 895 αὐτῶν
937 828 1129 919 σχεθιάζοιεν
1143 827 1231 902 ἦττον
1245 830 1363 907 τούτοις
1376 857 1464 923 προς-

374 943 503 1009 ήκοντα·
524 944 575 1006 καὶ
594 938 632 1011 θη
655 941 717 1005 οὔτ’
736 943 864 1016 ἐκείνους
883 937 996 1017 είιλότες
1015 944 1198 1031 σιγήσοντας
1215 937 1297 1017 ἅπαξ
1317 945 1360 1017 εἰς
1378 947 1465 1007 τοῦτο

374 1054 604 1128 καταστάντας,
624 1054 676 1116 καί
695 1051 803 1116 εὐνοεῖν
820 1048 919 1117 ἀσκεῖν
936 1051 1135 1143 πειρωμένους
1154 1050 1223 1138 ὑμῖν
1245 1054 1270 1117 εἰ
1292 1059 1396 1126 κακῶς
1412 1051 1465 1116 λέ-

374 1186 453 1251 γοιεν
464 1162 534 1238 τοὺς
545 1162 683 1241 πολίτας,
697 1162 760 1227 οὔθ’
775 1161 854 1250 ὑμᾶς
866 1159 1037 1253 ε’φέξοντας1
1047 1161 1184 1247 τούτους,
1199 1165 1223 1227 εί
1240 1163 1292 1227 καί
1307 1170 1466 1254 προφανῶς

374 1271 523 1336 αὐτῶντὸ
541 1269 705 1359 ψεύθεσθαι
724 1275 889 1363 καταγνοίη
907 1297 965 1347 τις.

423 1387 516 1447 Τοῦτο
538 1385 597 1474 γάρ
621 1385 728 1475 τρόπος
754 1379 916 1470 δημοτικῆς
939 1381 1111 1462 πολιτείας,
1136 1381 1247 1469 ἐφιέναι
1269 1380 1366 1472 λέγειν
1385 1381 1402 1448 ό
1421 1406 1466 1460 τις

373 1494 425 1556 καί
445 1489 603 1577 βούλεται,
624 1497 675 1558 καί
697 1504 829 1585 κρεῖττον
846 1496 987 1583 ἡγεῖσθαι
1008 1491 1127 1557 ἀκούειν
1144 1495 1195 1557 καὶ
1217 1494 1257 1557 τά
1279 1488 1395 1578 ψευδῆ,
1417 1494 1465 1558 ίυα

374 1601 464 1687 μέσον
478 1600 610 1667 ἐκείνων’
626 1606 677 1668 καί
691 1602 817 1677 τάληθὲς
830 1601 1017 1695 εὑρίσκοιτο,
1033 1609 1054 1673 ἥ
1066 1648 1075 1680 ,
1091 1603 1379 1692 καταγινώσκοντας
1393 1602 1466 1691 ψεύ-

375 1706 446 1794 θους
466 1711 535 1787 τοὺς
557 1712 716 1802 λέγοντας,
740 1713 781 1799 μη
802 1711 975 1802 προςέχειν,
999 1714 1051 1776 καί
1075 1710 1239 1777 ἀπολλύναι
1263 1711 1411 1789 πολλάκις
1431 1713 1465 1777 τό

374 1819 496 1897 ἀληθές.

422 1933 480 1995 Διά
493 1939 591 1998 ταῦτα
604 1935 727 2022 μελέτης
742 1937 910 2026 ῥᾳθυμοῦσι
925 1933 1096 2016 πολιτικῆς,
1114 1935 1166 1998 καί
1184 1932 1255 1998 καθ’
1273 1932 1379 1998 ἑαυτὸν
1396 1933 1466 2000 ἕκα·

374 2064 444 2116 στος
462 2042 619 2129 ἐμελέτησε
636 2050 707 2133 ζῇν,
728 2047 779 2109 καί
800 2047 907 2120 σπάνις
925 2043 1054 2109 ἐντεῦθεν
1072 2053 1130 2109 τῶν
1146 2044 1392 2131 πολιτευομένων,
1411 2047 1463 2111 καί

374 2148 486 2227 ἀταξία
498 2156 549 2218 καί
565 2154 714 2244 σύγχυσις
726 2165 788 2230 τοῖς
802 2163 928 2229 κοινοῖς.
944 2135 1087 2219 Ιλντεύθεν
1099 2163 1162 2229 τοῖς
1175 2154 1318 2229 ε’ναντίοις
1331 2157 1463 2246 γίνονται

374 2258 452 2333 θὴλα
469 2266 509 2328 τά
526 2265 596 2329 καθ’
610 2270 703 2353 ἡμᾶς.
720 2267 755 2329 Αἱ
774 2268 833 2356 γὰρ
852 2265 984 2355 μεγάλαι
1002 2267 1054 2329 καί
1075 2275 1244 2355 περιφανεῖς
1259 2265 1360 2341 πόλεις
1378 2266 1464 2357 φύσιν

373 2377 479 2461 έχουσι
491 2377 532 2462 μὴ
547 2379 736 2467 ἀγνοεῖσθαι,
755 2377 812 2441 κάν
829 2376 846 2440 ὅ
862 2401 890 2441 τι
904 2378 957 2440 καί
973 2379 1143 2467 πράττοιεν,
1161 2376 1268 2467 τρόπον
1282 2374 1464 2466 λαμπτήρων

371 2485 542 2577 τηλεφανών
561 2492 727 2578 μεγίστων,
751 2497 867 2579 πρῶτον
889 2487 988 2552 αὐτῶν
1007 2482 1194 2572 βλεπομένων
1213 2486 1399 2577 μακρόθενῆ
1419 2481 1464 2562 οἷς

373 2597 502 2686 ὁρᾶσθαι
518 2600 700 2690 παρέχουσι.

341 2779 343 2783 ,
421 2710 479 2770 Καὶ
499 2709 526 2771 οἱ
544 2707 599 2787 ἕως
615 2711 681 2774 τότε
700 2710 795 2800 ὥςπερ
814 2719 900 2775 τινῶν
918 2710 1004 2800 ἱερῶν
1021 2710 1223 2796 ἀναθημάτων
1237 2716 1296 2774 τῶν
1313 2708 1463 2799 ἡμετέρων

373 2815 535 2902 ἀπέχοντες
554 2814 607 2881 θιά
624 2820 674 2882 τὸν
694 2821 905 2907 ἁπανταχόθεν
929 2820 1137 2904 συνασπισμόν
1158 2821 1209 2884 καί
1227 2813 1280 2894 ὀἷς
1301 2820 1353 2890 τὴν
1378 2820 1463 2885 πόλιν

372 2923 573 3016 ἐπολυώρουν3
590 2930 616 2992 οἱ
634 2929 872 3016 πολιτευόμενοι,
892 2928 1003 2992 τούτων
1021 2926 1282 3019 ὑποχωρησάντων
1298 2936 1351 2994 τοῦ
1370 2931 1463 3018 μέσου

373 3030 425 3099 θιά
438 3038 490 3107 την
503 3046 561 3102 τῶν
579 3033 682 3102 θείνων
699 3039 845 3125 ἐπίθεσιν,
866 3039 1037 3128 ὠλιγώρουν
1054 3040 1151 3125 ἡμῶν.
1170 3041 1228 3104 Καί
1248 3040 1318 3105 καθ’
1334 3022 1464 3113 ἑκάστην

371 3146 550 3236 ἠγγέλλετο,
569 3154 618 3211 νῦν
636 3147 688 3236 μὲν
704 3150 744 3225 ὡς
760 3153 975 3241 περικάθηνται
991 3146 1061 3213 τόθε
1078 3150 1111 3213 τὸ
1129 3150 1284 3242 φρούριον,
1303 3156 1352 3215 νύν
1372 3147 1406 3216 ιλὲ
1424 3154 1464 3228 ὡς

371 3253 440 3320 τόθε
457 3259 669 3328 κατείληπται·
691 3263 742 3325 καί
761 3253 865 3354 αύθις,
886 3267 936 3325 νῦν
954 3259 1006 3347 μὲν
1021 3256 1109 3330 τηνθε
1125 3261 1177 3329 τὴν
1194 3262 1298 3352 χώραν
1314 3263 1465 3353 κατατρέ-

372 3393 481 3456 χουσι,
501 3376 550 3434 νῦν
569 3367 597 3434 θ’
617 3371 745 3456 ἐκείνην,
769 3373 821 3436 καί
847 3371 892 3435 ἐπ’
914 3370 991 3459 αὐτῇ
1015 3371 1121 3441 ἀλλην.
1141 3373 1200 3434 Καὶ
1218 3370 1338 3448 πλείους
1355 3377 1464 3461 ἔχομεν

371 3479 440 3554 τοὺς
465 3481 667 3572 ἀγγέλλοντας
692 3484 730 3546 τά
752 3477 856 3561 θεινά,
881 3482 899 3551 ἢ
921 3480 990 3557 τοὺς
1009 3483 1073 3572 περί
1095 3490 1153 3546 τῶν
1170 3478 1273 3546 δεινῶν
1290 3477 1463 3565 βουλευσο-

373 3591 495 3675 μένους,
517 3596 569 3656 καὶ
586 3593 705 3668 πλείους
723 3592 793 3668 τοὺς
809 3592 999 3683 παρέχοντας
1018 3590 1108 3681 φόθον
1126 3592 1144 3662 ἢ
1163 3591 1232 3667 τοὺς
1254 3591 1333 3667 ὅπως
1351 3594 1388 3658 ἀν
1406 3603 1463 3658 τῶν

372 3700 470 3788 φόθων
494 3702 736 3794 ἀπηλλαγείημεν
762 3703 916 3793 λέγοντας.
943 3703 1033 3778 Τέλος
1054 3704 1093 3765 τά
1118 3702 1217 3789 κύκλῳ
1241 3705 1463 3795 καταστρεψά-

372 3834 471 3897 μενοι,
493 3815 544 3875 καί
570 3814 679 3904 θάρρος
702 3812 843 3888 λαθόντες
865 3813 1024 3903 μέγιστον,
1044 3813 1260 3900 κατατολμώσι
1277 3822 1330 3887 τῆς
1346 3840 1463 3906 μητρο-

371 3921 502 4006 πόλεως,
522 3925 573 3986 καὶ
592 3922 731 3988 πλεῖστον
747 3922 816 3987 ὅσον
831 3924 1056 4013 συναγηοχότες
1072 3923 1145 3987 λαὸν
1161 3920 1244 3998 ἀξιον
1261 3926 1313 3988 καί
1331 3925 1463 4013 πολέμου

372 4037 423 4099 καί
442 4037 562 4123 μάχης,
581 4033 650 4110 τούς
672 4033 724 4120 μὲν
742 4037 823 4099 κατά
842 4044 914 4125 γῆν,
936 4034 1004 4110 τοὺς
1021 4032 1051 4098 θ’
1070 4034 1116 4098 ἐπὶ
1136 4043 1194 4098 τῶν
1211 4044 1305 4120 νηῶν,
1324 4045 1361 4124 τῇ
1377 4037 1462 4102 πόλει

372 4145 620 4234 προςθάλλουσιυ.

407 4330 525 4387 ¹Codex,
538 4336 666 4400 ἐφέξοιται.
966 4333 1020 4382 ³De
1038 4333 1112 4383 verbo
1134 4339 1259 4402 τολυωρεῖν
1282 4337 1399 4386 monitum
1419 4337 1463 4387 fun

406 4406 460 4455 'De
474 4414 541 4471 μέσος
555 4426 608 4459 cum
624 4412 729 4474 genitivo
740 4428 767 4476 p.
781 4412 825 4469 43,
837 4427 861 4458 n.
879 4411 903 4458 3.
933 4427 959 4474 μ.
977 4415 1016 4470 11,
1028 4427 1053 4460 n.
1067 4414 1091 4458 6.
