3684 5659
814 600 970 663 ΜΕΛΕΤΗ
996 590 1037 663 1⁴.
1424 603 1469 670 57

371 738 521 827 γραφική.
548 712 591 800 Ᾰν
615 734 649 799 οῦ
673 732 854 824 σνγκλείσρς
876 736 928 805 τήν
955 735 1079 827 θύραν,
1093 737 1129 800 ἂν
1151 737 1186 801 οῦ
1208 736 1403 829 περισννάξῃς
1421 742 1471 805 τὸν

371 851 459 930 νοῦν,
480 846 518 910 άν
536 842 592 932 μνί1
605 853 664 910 τῶν
676 841 782 921 ἔξωθεν
794 847 1020 932 άποστήσηται,
1036 846 1090 911 οῦκ
1107 843 1195 923 οίόας
1210 845 1392 936 εὐδοκιμεῖν.
1412 854 1471 916 Καὶ

372 955 478 1032 ἄλλοις
491 955 544 1042 μὲν
560 957 592 1020 αἱ
605 956 711 1044 τέχναι
726 957 842 1025 κίνησιν
859 959 981 1030 ζητοῦσι
999 959 1065 1032 νοὸς
1079 960 1131 1022 καί
1148 957 1330 1044 μεταῦάσεις
1348 960 1399 1052 ἀφ’
1414 961 1473 1026 έτέ-

373 1089 434 1158 ρων
452 1069 495 1142 είς
513 1064 618 1157 ἔτερα·
640 1065 705 1153 ε’μοί
732 1060 765 1129 55
786 1065 820 1128 τό
841 1067 962 1156 ἠρεμεῖν
983 1068 1064 1131 κατὰ
1086 1073 1170 1151 νοῦν,
1196 1071 1248 1132 καί
1273 1065 1365 1156 μηδὲν
1389 1095 1472 1162 περι-

375 1174 560 1263 ῦομῦεῑσθαι
577 1186 640 1252 τοῖς
657 1173 781 1260 ἔξωθεν,
801 1177 889 1264 μόνον
910 1181 998 1242 τοῦτο
1015 1179 1109 1269 τρυφὴ
1126 1180 1178 1242 καί
1198 1179 1340 1270 τῇτέχνῃ
1360 1180 1474 1246 σῦστα-

375 1310 440 1362 σις.
461 1286 527 1352 Οῦκ
544 1287 652 1378 ε’ρεννῶ
669 1288 709 1350 τόι
725 1286 883 1369 πολιτικά,
905 1285 940 1350 o5
958 1294 1038 1362 ζητῶ
1054 1287 1202 1375 πολέμους
1224 1291 1276 1354 καί
1295 1293 1418 1378 μάχας,
1440 1291 1473 1355 o5

340 1411 343 1417 '
377 1395 494 1484 μελετῶ
511 1394 644 1482 βουλάς,
664 1397 700 1462 οῦ
718 1396 891 1488 πρεσῦεῦω,
912 1397 946 1461 οῦ
965 1407 1144 1489 στρατηγῶ,
1168 1395 1238 1464 5555
1255 1423 1283 1462 τι
1301 1408 1359 1463 τῶν
1376 1399 1474 1483 ἄλλοιν

375 1511 500 1601 πράττω
526 1503 693 1595 δημοσίων.
720 1507 783 1572 Κᾶν
806 1503 1016 1595 εῦόοκιμήσω,
1042 1512 1084 1584 εἰς
1108 1511 1209 1575 στενόν
1233 1534 1283 1596 μοι
1306 1534 1434 1596 παμπαν
1455 1535 1474 1577 η

377 1621 461 1709 φήμη
485 1621 538 1684 καί
562 1621 597 1684 τὸ
621 1617 768 1710 ἐγκώμιον
789 1619 999 1709 περιίσταται·
1023 1619 1080 1684 κᾶν
1095 1621 1233 1703 πταίσω,
1261 1619 1388 1710 όψόγος
1405 1618 1474 1684 κατ’

378 1725 479 1813 οἷκον,
500 1756 519 1801 η
540 1731 598 1817 μήν
616 1732 673 1795 κάν
697 1738 760 1804 τοῖς
783 1731 911 1817 γείτοσι.
932 1728 1002 1792 Τί’
989 1731 1054 1816 εμοί
1076 1730 1173 1794 κοινόν
1189 1731 1241 1794 καί
1259 1739 1296 1818 τῇ
1313 1731 1450 1813 rotas
1435 1757 1475 1806 ως

378 1840 418 1904 ἂν
434 1835 454 1929 ᾗ
470 1843 523 1905 καί
536 1850 676 1927 πταῖσμα
690 1840 786 1904 κοινόν
804 1838 869 1926 ἐμοὶ
888 1865 947 1903 και
931 1835 1121 1926 δημόσιον;
1138 1839 1294 1915 Πλείονς
1278 1866 1340 1928 εχω
1355 1837 1483 1924 βλέπειν

379 1949 428 2015 ἐπὶ
453 1958 512 2016 τῶν
532 1953 651 2016 εἰκόνων
676 1950 849 2042 ἀνθρώπους
874 1947 925 2024 οῦς
951 1949 1126 2040 αὐτουργεῖν,
1150 1950 1169 2020 ἢ
1194 1949 1261 2026 τοῦς
1286 1955 1401 2026 ζῶντας
1423 1955 1475 2015 καί

380 2059 572 2147 κινουμένους
591 2060 637 2126 ε’πί
661 2067 714 2134 τῆς
737 2059 865 2135 πόλεως.
887 2060 951 2123 Κάν
967 2059 1099 2124 λαλεῖν’
1087 2062 1164 2124 επίοι
1182 2087 1233 2125 και
1224 2049 1383 2147 ὁμιλεῖν,
1402 2061 1475 2126 τοῦ·

379 2195 446 2246 τοις
462 2171 499 2235 ἂν
516 2197 568 2237 και
559 2171 711 2242 λαλήσω
735 2172 786 2234 καί
813 2169 967 2256 ὁμιλήσω,
995 2170 1118 2241 πλήν’
1090 2196 1144 2234 ουκ
1164 2172 1204 2246 ὡς
1223 2178 1324 2261 άφρων
1343 2197 1394 2236 και
1418 2196 1476 2236 πε-

380 2282 494 2371 ριττός.
516 2262 620 2347 Ᾰλλ’”
607 2304 681 2356 ισως
699 2278 752 2368 μὲν
772 2279 922 2369 ἐπιτυχὼν
939 2288 1013 2345 είπω
1031 2282 1104 2373 πρὸς
1120 2281 1170 2343 τόν
1187 2282 1390 2372 γραφόμενον
1407 2305 1423 2337 v
1436 2284 1478 2356 Ως

380 2392 523 2468 καλῶς”
506 2383 612 2467 εστηςί
639 2391 679 2466 ὡς
704 2393 835 2481 άρίστως
853 2384 1100 2479 ἐσχηματίσθης.
1121 2391 1241 2455 ἔπαινόν
1259 2414 1354 2475 μοιπ
1332 2387 1476 2480 ποενήρξ-

382 2526 464 2586 σεις,
483 2502 530 2568 ε’πί
549 2510 608 2567 τῶν
621 2502 769 2568 πλατειῶν
785 2502 932 2594 ὁρώμενος
948 2523 982 2558 ν·
998 2509 1074 2576 ἴσως
1088 2496 1122 2564 55
1137 2501 1188 2564 καί
1205 2501 1382 2586 ἀποτυχών,
1400 2499 1473 2588 ε’ρώ·

382 2636 398 2669 u
411 2595 452 2688 ίλς
470 2608 621 2700 όνςτυχής
640 2611 677 2676 σὺ
699 2613 751 2676 καὶ
770 2606 842 2699 μηδ’
862 2611 907 2676 ἐπὶ
928 2620 981 2686 τῆς
1005 2612 1119 2684 εἰκόνος
1140 2609 1234 2700 φέρων
1256 2610 1290 2673 τὸ
1312 2602 1474 2695 εῦόαιμονί

381 2724 514 2797 ποσάκις
541 2724 726 2808 μετεποίησα
752 2721 805 2791 τήν
832 2712 970 2811 γραφήνῖ
1000 2721 1088 2811 κάγὼ
1118 2718 1171 2803 μὲν
1201 2717 1414 2809 φιλοτιμοῦμαι
1439 2723 1479 2785 τά

382 2835 551 2920 σχήματα·
578 2831 616 2897 σὺ
642 2829 672 2897 5'
693 2831 726 2898 οῦ
744 2826 907 2921 παραδέχρ
926 2833 959 2896 τό
979 2829 1139 2922 κρεῖττον’,
1160 2830 1256 2922 ὥςπερ
1277 2829 1310 2895 ἐκ
1331 2830 1477 2923 προαιρέ-

381 2967 461 3018 σεως
473 2967 503 3006 ν.
528 2934 625 3007 Αῦται
649 2941 788 3033 γραφέως
806 2941 940 3028 ὁμιλίαι,
962 2934 1053 3006 αῦται
1073 2942 1269 3031 συγκαθίσεις
1286 2941 1337 3003 καί
1355 2965 1477 3031 περιερ-

381 3057 470 3146 γίαι,
491 3080 543 3118 και
534 3054 663 3144 λόγοι,
684 3055 736 3118 καί
754 3061 814 3118 πᾶν
830 3050 946 3143 ἕτερον·
968 3048 1113 3139 δημόσιον
1131 3047 1164 3115 55
1183 3046 1292 3114 o55”
1268 3075 1310 3124 εις
1323 3055 1390 3115 νοῦν
1406 3049 1480 3114 555-

381 3165 477 3253 λόμην
500 3163 585 3230 ποτέ.
614 3160 732 3229 055⁹
715 3188 751 3229 αν
775 3163 865 3236 αὐτὸς
888 3164 1114 3254 ὁσνκοφαντών
1132 3159 1195 3226 εἶπέ
1211 3185 1282 3226 ποτε
1293 3167 1403 3252 ,ε’ίπερ
1425 3159 1479 3224 οῦκ

417 3396 425 3422 ¹
440 3396 504 3448 Cod.
518 3397 568 3459 sic,
578 3397 709 3463 οῦ-οῦ-μή.
945 3397 999 3462 ipso
1009 3397 1129 3446 nonfacio
1137 3415 1144 3455 ;
1157 3395 1202 3444 sed
1211 3403 1291 3459 potest
1300 3395 1324 3444 in
1337 3396 1393 3463 δρᾷν
1402 3395 1478 3443 latere

417 3473 471 3525 ’Τὸ
485 3485 592 3542 κρεῖττον
604 3486 641 3526 est
656 3475 786 3525 adornatio
804 3484 829 3524 et
841 3475 918 3523 linea·
945 3475 1050 3524 nominis
1064 3477 1176 3538 δραχμῶν
1190 3472 1377 3536 compendium,
1391 3473 1479 3522 amisso

382 3562 523 3609 mentorum
541 3552 686 3618 habitusque
702 3553 750 3602 oris
767 3551 920 3602 emendatior
946 3569 1063 3614 numero,
1080 3554 1103 3602 ui
1119 3553 1150 3602 sit
1164 3549 1196 3612 ν’,
1216 3561 1243 3601 ut
1256 3551 1350 3615 legatur
1368 3553 1481 3619 δραχμῶν

384 3646 414 3680 ac
431 3632 567 3683 correctior
583 3633 695 3683 imitatio
716 3632 765 3681 Les
785 3632 843 3688 tuit,
859 3638 919 3679 teste
945 3631 978 3683 ν’.
998 3633 1029 3682 At
1048 3630 1193 3681 servaverim
1215 3627 1305 3677 editam
1325 3629 1479 3694 scripturam.

384 3708 482 3758 AEliano
495 3710 527 3759 Η.
547 3710 577 3760 V.
595 3714 625 3770 4,
644 3709 757 3779 &apud
775 3708 919 3771 Thebanos,
946 3713 996 3762 Lex
1017 3710 1132 3760 videlicet
1152 3710 1245 3758 ἀπειλεῖ
1263 3709 1319 3775 ὃρᾷν
1336 3718 1386 3765 τοῖς
1404 3710 1437 3765 εἰς
1455 3716 1481 3758 τὸ

385 3787 452 3852 quod
462 3789 549 3838 mirum
558 3825 564 3847 ‚
574 3786 686 3839 homiues
697 3787 826 3837 scilicetin
839 3801 920 3836 crasso
946 3800 1026 3856 χεῖρον
1037 3793 1140 3857 γράψασι
1153 3795 1180 3837 τὸ
1195 3795 1290 3850 τίμημα
1303 3796 1399 3851 ζημίαν,
1414 3786 1482 3851 cujus

386 3879 443 3914 acre
455 3875 539 3923 natos,
553 3881 600 3930 qua
611 3866 720 3931 pictores
733 3864 881 3929 jubebantur
892 3878 921 3913 ac
947 3875 1033 3932 ζημίας
1046 3866 1143 3931 species
1155 3881 1203 3914 uon
1215 3865 1306 3914 diserte
1321 3866 1481 3928 significatur.

386 3942 495 3993 statuarii
511 3945 533 4000 ἱς
551 3951 578 3994 τὸ
595 3954 703 4012 κρεῖττον
716 3949 760 4000 τὰς
775 3947 865 3999 εἰκόνας
877 3963 921 4006 μι-
948 3945 1086 3995 definienda
1095 3960 1141 4009 pro
1150 3959 1178 3992 re
1187 3951 1266 3992 nataa
1273 3942 1405 4007 judicibus.
1413 3940 1482 4002 Quod

386 4026 497 4084 μκῐσθαι,
514 4031 540 4070 et
552 4022 704 4087 irrogabatur
716 4021 807 4070 mulcta
826 4031 873 4078 τοῖς
889 4023 922 4077 εἰς
947 4035 1015 4072 recte
1027 4024 1136 4087 potuisse
1150 4020 1199 4072 diei
1216 4036 1229 4070 a
1249 4019 1339 4069 Graecis
1355 4017 1482 4083 probabile

388 4105 416 4148 τὸ
434 4103 514 4165 χεῖρόν
525 4119 582 4149 ποτε
598 4103 612 4156 ή
633 4103 748 4150 πλάοαοιν
766 4103 922 4166 ήγράψασιν,
949 4102 999 4150 iere
1017 4110 1054 4147 est
1073 4109 1098 4146 et
1117 4098 1185 4163 quasi
1203 4096 1350 4155 verisimile,
1364 4111 1437 4160 quum
1452 4096 1484 4144 sit

387 4177 489 4242 quibus,
511 4177 621 4228 AElianus
641 4177 688 4238 ait,
713 4180 806 4228 ἀπειλεῖ
826 4182 837 4227 5
855 4182 922 4242 νόμος
948 4177 1050 4227 latinum
1068 4175 1207 4239 exemplum
1230 4174 1307 4237 parile
1331 4174 1356 4222 in
1383 4174 1483 4223 Catonis

388 4263 476 4320 ζημίαν
497 4263 524 4306 τὸ
543 4265 637 4322 τίμημα
651 4259 718 4324 δρᾷν.
738 4256 846 4320 Corayus
864 4257 921 4320 ὃρᾷν
949 4253 1069 4306 sententia
1086 4251 1151 4318 apud
1171 4251 1275 4300 Gellium
1293 4251 1322 4300 N.
1341 4251 1371 4301 Α,
1393 4254 1433 4312 il,
1449 4256 1479 4300 l:

388 4348 530 4403 corruptum
551 4353 605 4387 esse
623 4348 706 4402 putat,
721 4349 745 4386 ot
766 4335 864 4400 conjicit
882 4344 924 4385 τι·
951 4333 1110 4398 «imperator
1122 4341 1215 4387 noster,
1229 4331 1248 4378 si
1264 4330 1317 4395 quis
1335 4341 1403 4380 extra
1413 4331 1482 4380 ordi·

389 4438 458 4481 μημα
472 4415 497 4484 α’
510 4419 633 4485 δραχμῶν.
648 4417 684 4467 De
696 4417 748 4481 ipsa
760 4431 853 4466 summa
868 4429 922 4464 oum
951 4410 1175 4477 compugnaverit,
1187 4409 1210 4458 ei
1225 4409 1325 4460 multam
1336 4410 1393 4459 iacit
1406 4429 1428 4457 ν.
