3684 5659
808 599 967 661 ΜΕΔΕΤΗ
992 589 1037 662 A'.
1446 596 1467 663 5

372 733 542 822 μοκρατίας
559 727 593 797 δὲ
610 735 640 796 τί
657 732 694 797 ἂν
710 733 762 796 καί
782 729 900 816 βέλτιόν
916 757 962 808 τις
979 735 1131 818 οίήσαιτο,
1152 734 1223 800 καθ’
1237 736 1273 807 ἣν
1292 737 1344 800 καί
1364 737 1467 812 τὸτῆς

371 842 469 932 τύχης
491 836 788 929 άνισονέξισοῦται,
808 845 860 909 καί
884 847 994 919 πάντες
1016 840 1154 920 δουλείας
1176 845 1261 922 ε’κτδς
1284 847 1336 911 καί
1359 848 1468 923 πάντες

371 954 540 1046 ἐλεύθεροι,
559 957 611 1020 καί
639 955 693 1020 οὐκ
711 958 791 1020 ἔστιν
810 953 889 1031 ύςτις
912 957 947 1020 ού
957 1000 966 1033 ,
988 956 1083 1048 ὥςπερ
1103 965 1156 1032 τῆς
1175 957 1309 1048 φύσεως,
1331 954 1409 1022 ούτω
1429 954 1468 1028 δὴ

372 1067 425 1130 καί
448 1074 502 1141 τῆς
524 1065 692 1156 ἐλευθερίας
716 1065 763 1131 ἐπ’
784 1072 858 1130 ίσων
879 1075 942 1141 τοῖς
964 1066 1080 1143 λοιποῖς
1097 1074 1304 1145 κοινωνοῦντες
1323 1065 1465 1144 ἕκαστος.

371 1178 431 1241 Καὶ
450 1173 587 1261 βουλεύει
604 1175 658 1264 μὲν
681 1178 747 1268 περί
771 1181 825 1240 τοῦ
848 1176 980 1264 πολέμου
1000 1167 1085 1244 osio
1107 1188 1161 1255 τῆς
1182 1175 1312 1264 τάξεως,
1331 1175 1468 1262 βουλεύει

373 1282 408 1352 δὲ
425 1288 476 1352 καί
495 1286 511 1352 5
528 1286 695 1380 αὐτουργὸς
717 1286 844 1376 τέχνης,
866 1289 917 1352 καί
943 1291 1057 1380 ῥήτωρ,
1075 1292 1127 1355 καί
1151 1289 1279 1368 ναύτης,
1298 1291 1350 1355 καί
1369 1314 1467 1381 στρα-

372 1400 501 1475 τιώτης,
515 1401 568 1464 καί
586 1408 647 1474 πᾶς
664 1396 786 1490 ἔτερος·
806 1400 858 1463 καί
873 1400 908 1464 τὸ
926 1399 1053 1492 ἐκφυγὸν
1068 1401 1214 1478 πολλάκις
1231 1404 1283 1467 τὸν
1299 1403 1468 1494 στρατηγὸν

372 1509 523 1596 ἀπόλεμός
545 1535 591 1585 τις
620 1513 696 1600 ἔγνω
721 1512 774 1575 καί
804 1506 989 1602 διεσάφησε·
1014 1515 1066 1577 καί
1091 1512 1162 1607 ὅπερ
1188 1517 1286 1606 ῥήτωρ
1311 1513 1468 1580 ε’θούλευσε

373 1621 543 1712 στρατηγὸς
559 1620 714 1713 έπικρίνει.
734 1623 793 1685 Καὶ
814 1617 904 1696 δίκας
921 1621 1069 1710 λαμθάνει
1087 1626 1192 1717 μικρός
1207 1650 1272 1710 τις,
1288 1626 1340 1689 καί
1359 1627 1468 1712 μείζων

373 1726 512 1796 δίδωσι·
539 1733 591 1796 καί
619 1733 687 1796 οὔτε
712 1732 727 1796 5
757 1730 918 1819 λοιμθάνων
948 1732 1047 1820 ἑαυτῷ
1077 1733 1244 1822 λοιμύάνει,
1270 1733 1338 1800 ἀλλ’
1362 1737 1467 1825 ἁπάσῃ

372 1843 456 1909 πόλει
478 1845 536 1941 κάρ
549 1828 653 1931 νόμοις
674 1845 726 1908 καί
752 1838 898 1927 εὐταξίᾳ·
921 1846 988 1909 οὔτε
1007 1846 1065 1931 μὴν
1084 1846 1099 1909 5
1119 1840 1222 1922 διδοὺς
1245 1848 1300 1910 τινί
1326 1842 1466 1932 δίδωσιν,

372 1951 455 2017 ἀλλά
474 1940 624 2041 τῷδήμῳ
646 1955 734 2020 παντί
755 1956 807 2019 καί
831 1963 868 2043 τῇ
889 1955 1046 2040 πολιτείᾳ,
1071 1951 1103 2032 ἐξ
1123 1950 1159 2032 ἧς
1178 1959 1230 2021 καί
1250 1959 1269 2028 ἡ
1286 1952 1371 2033 τάξις
1388 1958 1466 2050 πρό-

375 2085 449 2127 εισι.

420 2172 539 2250 Ταύτης
550 2174 610 2266 ἐγὼ
620 2182 673 2251 τῆς
683 2176 837 2251 πολιτείας
849 2174 1004 2266 ἐγενόμην,
1019 2179 1072 2241 καί
1087 2177 1267 2268 γεγέννημαι
1278 2180 1331 2243 καί
1349 2177 1466 2271 θρέμμα

372 2285 425 2349 καί
448 2281 624 2374 παίδευμα,
643 2288 695 2352 καί
716 2286 845 2380 ε’ροιστης
865 2289 916 2352 καί
942 2290 1112 2372 συστάτης,
1132 2295 1213 2379 εἴπερ
1230 2313 1275 2364 τις
1296 2289 1406 2372 άλλος,
1426 2289 1467 2362 ὡς

373 2395 502 2484 ε’μαυτὸν
524 2399 636 2482 πείθω,
657 2406 715 2463 τῶν
739 2397 768 2463 ἐν
790 2406 827 2487 τῇ
850 2398 955 2477 πόλει,
975 2400 1026 2462 καὶ
1045 2394 1241 2474 σπουδαστάς
1260 2416 1269 2432 ·
1288 2401 1341 2463 καί
1359 2397 1414 2461 οὐκ
1431 2393 1466 2467 ἦν

372 2510 478 2601 καιρὸς
501 2505 567 2574 οὐδ’
590 2509 672 2600 ὥρα,
693 2510 780 2576 ὁπότε
803 2511 845 2599 μὴ
868 2511 994 2602 ὡρώμην
1013 2512 1053 2573 τά
1072 2518 1125 2584 τῆς
1143 2505 1318 2600 τυραννίδος
1334 2510 1467 2582 κακίζων

374 2621 427 2705 καί
446 2621 501 2691 τὴν
518 2616 725 2713 δημοκρατίαν
741 2624 807 2714 περί
828 2621 971 2690 πλείστου
988 2619 1176 2706 ποιούμενος.
1197 2622 1316 2712 Μάρτυς
1332 2619 1347 2682 5
1363 2620 1467 2710 παρὼν

373 2734 429 2793 τοῦ
449 2725 643 2823 δικαστηρίου
668 2733 778 2808 τόπος·
806 2734 921 2825 μάρτυς
942 2733 976 2796 τὸ
999 2727 1222 2823 βουλευτήριον,
1243 2723 1336 2818 ᾧκαὶ
1354 2729 1467 2817 μᾶλλον

374 2841 593 2933 προςέσχηκοι·
613 2846 760 2936 μάρτυρες
777 2840 946 2934 ἀξιόχρεῳ,
962 2845 1014 2908 καί
1037 2837 1082 2919 οἷς
1098 2845 1137 2907 τὰ
1153 2846 1253 2909 πάντα
1266 2845 1397 2933 κρίνεται
1414 2843 1465 2906 καὶ

374 2949 548 3037 εὐθύνεται,
572 2956 721 3041 κωμικοί,
740 2952 838 3044 λέγω,
860 2956 912 3019 καί
937 2956 976 3018 τά
1001 2956 1083 3018 κατὰ
1104 2955 1155 3019 τὸν
1178 2950 1245 3038 βίον
1268 2950 1468 3023 σκηνοποιού·

376 3086 477 3149 μενοι,
495 3060 547 3139 οὓς
562 3059 628 3128 οὐδ’
644 3063 718 3129 αὐτὸ
735 3069 823 3129 τοῦτο
844 3065 877 3129 τὸ
896 3061 1081 3152 ἐπιτήδευμα
1098 3064 1197 3140 άλλως
1214 3067 1304 3129 εἰπεῖν
1322 3061 1372 3150 ἐμὲ
1390 3062 1410 3134 ἢ
1429 3062 1470 3137 ὡς

376 3169 457 3258 ἔδει,
476 3175 526 3240 ίνα
542 3171 636 3262 μηδὲν
654 3177 793 3266 φορτικὸν
811 3183 903 3260 είπω,
922 3175 1115 3268 παρέπεισεν.

425 3266 499 3350 Ε’πεί
516 3282 547 3350 δ’
561 3289 602 3362 εἰς
619 3288 671 3358 τὴν
683 3292 736 3351 τοῦ
753 3286 962 3353 πολιτεύεσθαι
977 3283 1060 3362 τάξιν
1075 3287 1152 3372 μετὰ
1167 3293 1226 3349 τῶν
1239 3284 1337 3349 άλλων
1353 3283 1467 3376 παρῆλ-

377 3397 427 3461 θον
440 3395 519 3487 ἐγώ,
535 3394 617 3484 ὑμῶν
630 3402 718 3461 τοῦτο
733 3393 965 3483 δοκιμασάντων
978 3397 1029 3460 καὶ
1044 3394 1097 3460 οὐκ
1112 3394 1183 3482 ε’μοῦ
1196 3390 1468 3472 δυναστεύσαντος,

377 3513 520 3573 τοσοῦτον
541 3505 695 3602 ὑπερεῖδον
712 3513 764 3572 τού
782 3507 917 3583 πλείονος
935 3507 1073 3594 ἐμαυτῷ,
1092 3506 1164 3582 ὥςτε
1181 3508 1231 3570 καί
1251 3504 1319 3593 ύμῖν
1336 3507 1383 3569 ἀεί
1402 3529 1472 3571 συν-

379 3615 534 3687 εθούλευον
551 3614 625 3708 μύτε
643 3620 742 3712 ἀρχὴν
760 3618 955 3703 ἐπικτᾶσθαι,
977 3620 1051 3705 μήτε
1068 3614 1124 3694 ἔξω
1140 3625 1199 3682 τῶν
1216 3619 1392 3708 ἀναγκαίων
1408 3644 1471 3705 μη·

402 3848 407 3871 Ι

379 3912 456 3958 caeus,
473 3913 499 3963 p.
523 3899 577 3948 118.
596 3897 696 3948 Scilicet
710 3897 742 3946 ad
759 3896 912 3962 clepsydram
939 3899 1035 3956 ἕκαστος
1049 3900 1171 3967 εἴληφε...
1184 3899 1224 3948 οὐκ
1238 3899 1360 3961 ἐνδέχεται
1373 3903 1430 3966 πρὸς
1446 3902 1472 3945 τὸ

379 3974 494 4026 fluentem
515 3975 678 4026 metiebantur
700 3975 794 4040 jndices
817 3987 913 4040 tempus
941 3977 999 4026 αὐτὸ
1018 3974 1081 4045 ὕδωρ
1103 3980 1186 4026 εἰπεῖν.
1211 3974 1247 4025 lbi
1271 3975 1363 4033 Brem.‚
1384 3971 1473 4021 collato

380 4055 528 4105 accusationi
542 4055 624 4105 datum
641 4065 666 4105 et
681 4053 819 4104 defensioni
830 4064 853 4103 et
866 4055 913 4120 ipsi
941 4055 1068 4105 Bonnad
1081 4055 1222 4115 Midianam‚
1232 4053 1248 4118 ς
1258 4051 1391 4101 36.Ciccro
1400 4049 1471 4099 Tusc.

375 4132 479 4197 judicio.
488 4133 554 4183 Multi
565 4145 622 4183 sunt
630 4133 802 4184 Demosthenis
814 4143 839 4182 et
851 4133 914 4182 alio·
941 4144 1049 4182 extremo
1057 4133 1120 4183 libro
1130 4133 1152 4182 11
1163 4152 1170 4181 ι
1183 4147 1256 4180 «cras
1265 4145 1323 4193 ergo
1335 4127 1474 4193 adciepsy-

379 4226 432 4261 rum
445 4221 570 4261 oratorum
583 4211 615 4261 de
624 4213 748 4262 hocmore
758 4211 817 4261 loci.
825 4211 913 4261 Demo·
941 4211 1018 4261 drnm.
1035 4211 1093 4261 »ibi
1104 4211 1184 4260 Davis.
1196 4209 1266 4259 Adde
1276 4208 1392 4257 Allatium
1405 4207 1474 4256 Men-

379 4289 479 4341 sthenes
491 4291 555 4341 Ctes.
567 4290 584 4356 ς
597 4293 643 4340 139
654 4310 660 4340 :
670 4294 691 4341 εἰ
701 4292 726 4340 δέ
736 4309 790 4360 φησι
802 4297 849 4350 νῦν,
862 4293 913 4340 δει-
941 4307 998 4341 sura
1011 4301 1157 4354 temporum,
1169 4303 1192 4337 c.
1207 4292 1236 4346 6,
1248 4304 1273 4352 p.
1291 4287 1321 4336 56
1329 4307 1336 4347 ;
1344 4286 1471 4351 Moschop.

379 4375 444 4429 ξάτω
456 4370 479 4419 λυ
493 4381 527 4438 τῷ
541 4371 590 4438 ἐμῷ
604 4367 685 4422 ὕδατι.
701 4369 735 4419 lbi
747 4369 828 4420 Brem.
846 4369 913 4420 ldem
941 4377 969 4420 11.
987 4390 1027 4433 ιχ.
1048 4385 1075 4434 p.
1091 4371 1133 4418 79.
1149 4368 1282 4434 Descripsit
1301 4365 1473 4432 Moschopuius

380 4450 446 4501 Orat.
462 4451 472 4498 1
487 4449 542 4500 adv.
557 4449 685 4515 Aphobnm
695 4448 727 4515 ,ς
744 4452 771 4498 lv
785 4470 791 4498 ι
807 4451 849 4501 ὅσα
863 4451 912 4515 ἰδία
942 4449 1060 4514 Harpocr.
1074 4448 1182 4499 Lencon
1195 4448 1219 4498 in
1228 4454 1372 4515 Διαμεμετρ.
1386 4451 1471 4511 ἡμέρα.
