3684 5659
430 590 479 660 84
764 597 799 655 Γ.
828 596 901 656 ΤΟΥ
926 592 1181 658 ΠΑΧΥΜΕΡΟΥΣ

429 729 499 818 ὑμῖν
523 729 646 818 χαλεπὰ
670 730 722 794 καί
747 728 953 820 συμφέροντα,
981 725 1121 822 ἢιρᾴδια
1146 732 1198 794 καί
1224 727 1406 820 ἀσύμφορα,
1436 727 1524 819 οἶμαι

430 843 498 906 τότε
513 842 629 915 πάντας
647 839 683 906 ἀν
699 839 773 930 πρὸς
788 838 838 903 τόν
854 839 944 929 λόγον
960 836 1080 931 βαρέως
1097 838 1277 929 ἐνέγκαντας
1293 843 1413 918 πάντως
1431 845 1524 907 εἰπεῖν

431 951 571 1039 χαλεπά,
597 953 622 1014 εἰ
647 949 788 1041 συμφέρει
809 951 897 1035 μόνον
918 958 954 1038 τῇ
972 949 1078 1031 πόλει,
1096 951 1147 1014 καὶ
1169 948 1214 1015 ότι
1230 956 1284 1015 τοῦ
1300 947 1410 1043 ῥᾳδίου
1433 950 1524 1043 λόγος

432 1056 531 1134 οὐδεὶς
548 1069 612 1135 τοῖς
631 1055 662 1134 ἐξ
680 1062 722 1123 ἔτι
739 1061 845 1129 νηπίου
863 1045 1009 1149 στυγοῦσι
1025 1060 1059 1123 τὸ
1077 1059 1269 1150 ἀρερέπονον.

480 1168 573 1235 Ταῦτ’
591 1165 707 1253 εἰδώςᾎ
727 1163 751 1233 ὦ
770 1165 877 1260 ἀνδρες
894 1149 1057 1248 Ᾰθηναῖοι,
1077 1171 1139 1257 ἔχω
1158 1167 1211 1256 μὲν
1230 1168 1325 1261 λέγειν
1344 1171 1385 1247 ὡς
1404 1170 1439 1237 ού
1455 1197 1524 1259 χα-

432 1272 520 1344 λεπὸν
542 1279 576 1344 τὸ
598 1280 671 1370 πρὸς
695 1278 842 1345 Φίλιππον
862 1278 1015 1366 πολεμεῖν.
1043 1274 1124 1344 Οὐδὲ
1147 1280 1206 1370 γὰρ
1229 1285 1298 1372 ἄρτι
1322 1281 1450 1372 πρώτως
1471 1290 1526 1358 τῆς

431 1389 506 1480 πρὸς
528 1389 619 1454 αὐτὸν
638 1391 742 1477 μάχης
759 1390 948 1479 γευσόμεθα·
969 1389 1118 1455 ἀλλὰκαὶ
1141 1388 1288 1465 πολλάκις
1305 1390 1414 1456 ἄλλοτε
1433 1414 1525 1456 συνε-

432 1497 606 1586 πλάκημεν,
626 1501 678 1564 καὶ
692 1496 793 1591 ἔδειξε
815 1500 882 1565 τότε
899 1479 1069 1572 Ελληνικῶν
1086 1495 1343 1586 ἐπιτηδευμάτων,
1366 1499 1527 1594 βάρόαρος

434 1614 488 1693 ὥν,
501 1608 677 1697 παμπληθὲς
694 1605 846 1698 άπέχων’.
865 1612 967 1700 Χωρὶς
980 1605 1014 1674 δὲ
1029 1608 1135 1674 τούτου
1154 1611 1206 1674 καὶ
1224 1611 1258 1674 τὸ
1276 1609 1365 1702 ε’γγὺς
1381 1611 1525 1700 συλλαμ-

434 1719 516 1784 όάνει
536 1725 657 1810 ἔχουσιν
681 1719 715 1785 ἐκ
731 1722 893 1811 προχείρου
915 1722 968 1785 καὶ
992 1719 1070 1786 ὅπλα
1092 1721 1145 1785 καί
1164 1721 1276 1812 τροφάς
1292 1723 1524 1809 μετακομίζειν,

433 1833 485 1896 καὶ
505 1824 707 1907 άποστόλους’
720 1830 844 1918 πέμπειν
862 1825 1021 1918 δυνάμεις,
1041 1831 1078 1895 ἀν
1094 1830 1150 1896 οὐκ
1165 1825 1223 1896 ὦσι
1244 1835 1295 1896 νῦν
1314 1829 1447 1919 ἕτοιμοι,
1472 1834 1526 1898 καί

434 1935 465 2014 ἐξ
490 1939 618 2027 ἀμοιόῆς
642 1938 758 2033 ἀνδρας
778 1941 917 2025 ἀκμῆτας
938 1939 1089 2030 μακρόθεν
1110 1938 1230 2005 ἐλθοῦσι
1252 1941 1304 2005 καὶ
1326 1949 1370 2027 τῷ
1391 1941 1527 2035 προτέρῳ

433 2053 600 2138 κεκμηκόσι
615 2051 736 2139 πολέμῳ
753 2049 935 2139 συμὸάλλειν
950 2052 1194 2140 παρασκευάζειν
1212 2052 1264 2115 καί
1282 2053 1454 2138 μάχεσθαι.

483 2159 548 2230 Ούκ
574 2161 659 2251 ὀλίγη
683 2157 717 2225 δὲ
739 2157 906 2252 προςθιίκηδ
928 2161 980 2224 καὶ
1003 2139 1149 2236 Ἐλατεῖς·
1174 2163 1423 2253 ἀναθαρρήσονσι
1445 2165 1526 2257 γάρ,

434 2271 506 2353 καί,
525 2269 635 2345 ἀλλους
653 2265 765 2346 ἰδόντες
782 2267 854 2361 ὑπὲρ
876 2268 976 2335 αὐτῶν
997 2269 1189 2358 μαχομένους
1207 2271 1260 2336 καί
1284 2271 1337 2341 τὴν
1356 2273 1530 2361 προθυμίαν

434 2376 607 2457 δεικνύντας
621 2381 654 2446 ἐκ
666 2387 719 2446 τού
733 2382 785 2446 καί
798 2382 887 2469 νόμον
899 2381 950 2446 τόν
965 2379 1010 2471 ἐρ’
1024 2380 1151 2471 ἡμέραις
1163 2378 1317 2446 κωλύοντα
1328 2379 1497 2471 παραλύειν
1503 2377 1526 2466 ⁸,

435 2491 519 2557 αὐτοὶ
535 2491 713 2579 καὶμᾶλλον
731 2491 935 2576 ἐπιθησονται,
952 2492 1060 2583 τρόπον
1073 2485 1150 2558 ὑῶν“
1164 2491 1238 2582 πρὸς
1257 2487 1330 2583 δόρυ
1343 2491 1529 2580 μαχομένων

437 2599 468 2679 ἐξ
484 2604 695 2694 ἀπογνώσεως.

485 2691 559 2800 ἀλχω
582 2711 634 2800 μὲν
658 2705 708 2778 ούν
733 2711 828 2804 λέγειν
849 2717 949 2778 ταῦτα
969 2715 1021 2777 καὶ
1042 2712 1163 2787 ἀληθῶς
1185 2711 1299 2803 λέγειν,
1325 2715 1395 2782 κάκ,
1410 2712 1530 2780 πολλῶν

436 2818 542 2911 ῥᾴδιον
565 2817 709 2886 δεικνύειν
731 2821 781 2886 τὸν
804 2823 877 2912 πρὸς
898 2823 949 2886 τόν
972 2818 1134 2901 Μακεδόνα
1157 2820 1300 2908 πόλεμον·
1322 2821 1357 2887 οὐ
1379 2822 1439 2908 μὴν
1462 2819 1527 2909 δέ’,

437 2932 516 2997 ἀλλὰ
539 2931 639 3017 πολλῷ
664 2931 775 3017 μᾶλλον
801 2934 852 2996 καὶ
881 2932 1014 3020 χαλεπόν
1039 2939 1113 2997 είπω
1141 2934 1193 2997 καὶ
1220 2928 1315 2998 δεινόν
1338 2933 1450 2999 ἀνύσαι
1475 2937 1529 3000 καί

435 3041 546 3117 πολλῆς
564 3042 641 3116 τινός
658 3043 867 3132 πραγματείας
885 3038 1036 3130 δεόμενον,
1056 3045 1097 3130 μὴ
1113 3041 1158 3108 ότι
1175 3042 1205 3134 γ’
1225 3043 1405 3136 αὐθημερόν,
1426 3045 1530 3121 καθὼς

438 3149 590 3239 ἀξιοῦμεν,
613 3148 724 3226 ἐξιοῦσι
746 3154 797 3216 καὶ
821 3153 1000 3240 πολεμοῦσιν
1016 3156 1100 3241 ἡμῖν,
1122 3153 1191 3220 ἀλλ’
1209 3157 1234 3219 εἰ
1252 3157 1304 3218 καὶ
1330 3154 1396 3242 μεθ’
1414 3154 1531 3248 ἡμέρας

436 3262 549 3338 πολλάς
568 3261 792 3350 ἑτοιμασθώμεν
812 3264 853 3339 ὡς
870 3261 917 3328 δεῖ
939 3264 1013 3356 πρὸς
1032 3264 1082 3328 τὸν
1105 3262 1175 3329 κατ’
1195 3263 1288 3332 αὐτοῦ
1304 3264 1448 3352 πόλεμον.
1468 3268 1530 3332 Καὶ

472 3556 586 3607 'Schola
597 3561 650 3608 κατ’
662 3558 777 3609 ἔνστασιν.
1030 3554 1041 3581 ⁴
1064 3557 1096 3606 Et
1125 3555 1151 3604 id
1185 3554 1407 3606 Demosthenicum.
1444 3555 1534 3608 Orator

471 3632 590 3694 ’Codex‚
608 3635 649 3685 hic
673 3646 698 3686 et
725 3636 802 3695 infra,
822 3637 968 3700 παμπληθές.
998 3633 1315 3699 Olynlh.2,§l4:r‘1piv
1325 3635 1475 3692 Μακεδονικὴ
1487 3636 1532 3684 δό-

437 3711 557 3762 scribitur
579 3714 644 3763 enim
664 3719 816 3779 πάμπληθες,
832 3724 860 3763 ut
878 3714 969 3770 ἄληθες.
998 3733 1066 3777 ναμις
1083 3720 1123 3762 καί
1141 3715 1204 3780 ἀρχὴ
1221 3714 1244 3762 ἔν
1260 3720 1302 3778 μὲν
1318 3717 1446 3781 προςθήκης
1464 3719 1533 3783 μίριι

436 3789 522 3840 Godici
549 3790 688 3842 haerendum
712 3793 756 3843 fuit
776 3790 858 3841 unico.
878 3790 971 3840 Demo·
998 3794 1049 3842 ἐστί
1064 3813 1101 3850 τις
1116 3791 1143 3842 οὔ
1164 3798 1261 3860 σμικρά·
1276 3792 1315 3842 vel
1334 3801 1361 3841 ut
1376 3791 1433 3850 alii,
1447 3794 1471 3842 ἓν
1488 3799 1534 3858 μιν

437 3867 536 3917 sthenes
547 3867 583 3917 De
594 3868 654 3918 falsa
665 3868 772 3935 [θροις
789 3872 831 3919 19:
842 3873 971 3934 μνησθῆναι
998 3874 1113 3939 προςθήκη
1127 3877 1203 3938 μερίς.

438 3951 576 4011 πάμπληθες
585 3950 695 4012 ἀπέσχεν.
1033 3948 1094 3998 “Sic
1113 3947 1212 3998 omnino
1229 3947 1318 3996 codex.
1334 3947 1448 3997 Fortasse
1465 3947 1532 3999 scri·

471 4024 539 4075 *Est
555 4028 679 4076 ἀπόστολοι
693 4025 724 4075 de
742 4025 898 4091 expeditione
915 4042 971 4075 ma·
997 4035 1065 4090 ptum
1077 4026 1122 4077 fuit
1132 4033 1187 4076 ιτὸν
1199 4027 1339 4094 ἐρ’ἡμίροιις
1348 4021 1375 4089 γ’
1382 4027 1469 4086 ἐξιέναι
1483 4047 1535 4076 κω-

437 4103 518 4154 ritima
541 4120 631 4155 nomen
661 4103 884 4155 Demosthenicum.
909 4104 972 4154 vide
997 4103 1280 4172 λύονταπαροιλὺιιν.(]ί.
1296 4106 1531 4169 μ,83,11;ρ.87ι

437 4179 550 4243 Voemel.,
572 4182 683 4245 Romen,
704 4184 785 4234 Brem.
805 4183 836 4233 ad
854 4182 916 4233 Phil.
942 4186 969 4241 l,
998 4189 1041 4239 τὰς
1052 4193 1114 4250 τρεῖς
1126 4187 1213 4251 ἡμέρας
1226 4183 1384 4246 ἀναλώοομιν.

437 4257 454 4321 §
475 4261 515 4309 35.
541 4261 610 4311 Nude
630 4262 806 4314 Demosthenes
831 4265 972 4318 ἀποστόλους
1030 4258 1095 4309 ‘Illa
1113 4276 1227 4325 aprorum
1244 4259 1389 4324 metaphora
1407 4268 1491 4310 utetur
1508 4270 1534 4310 et

438 4335 519 4398 dicit,
546 4350 629 4390 noster
656 4341 752 4407 ellipsin
774 4342 860 4407 implet
887 4339 971 4391 addito
997 4337 1097 4388 inferius
1112 4337 1219 4387 Declam.
1232 4337 1287 4386 vll.

439 4415 555 4480 δυνάμεις.
1031 4413 1040 4441 ’
1050 4415 1145 4466 Schol.:
1158 4419 1212 4466 κατ’
1222 4419 1438 4483 ἀντιπαράστοισιν.
