<?xml version="1.0" encoding="UTF-8"?>
<!DOCTYPE html PUBLIC "-//W3C//DTD XHTML 1.0 Transitional//EN"
    "http://www.w3.org/TR/xhtml1/DTD/xhtml1-transitional.dtd">
<html xmlns="http://www.w3.org/1999/xhtml" xml:lang="en" lang="en">
 <head>
  <title>
</title>
<meta http-equiv="Content-Type" content="text/html;charset=utf-8" />
  <meta name='ocr-system' content='tesseract 3.04.00' />
  <meta name='ocr-capabilities' content='ocr_page ocr_carea ocr_par ocr_line ocrx_word'/>
</head>
<body>
  <div class='ocr_page' id='page_1' title='image "./gpachymerisdecl00hiergoog_0136.png"; bbox 0 0 3684 5659; ppageno 0'>
   <div class='ocr_carea' id='block_1_1' title="bbox 381 595 1475 1357">
    <p class='ocr_par' dir='ltr' id='par_1_1' title="bbox 383 595 1133 665">
     <span class='ocr_line' id='line_1_1' title="bbox 383 595 1133 665; baseline -0.009 -2"><span class='ocrx_word' id='word_1_1' title='bbox 383 595 455 665; x_wconf 69' lang='grc'>412</span> <span class='ocrx_word' id='word_1_2' title='bbox 718 599 753 657; x_wconf 91' lang='grc' dir='ltr'>Γ.</span> <span class='ocrx_word' id='word_1_3' title='bbox 781 597 855 657; x_wconf 88' lang='grc' dir='ltr'>ΤΟΥ</span> <span class='ocrx_word' id='word_1_4' title='bbox 879 595 1133 658; x_wconf 84' lang='grc' dir='ltr'>ΠΑΧΥΜΕΡΟΥΣ</span> 
     </span>
    </p>

    <p class='ocr_par' dir='ltr' id='par_1_2' title="bbox 381 723 1475 1357">
     <span class='ocr_line' id='line_1_2' title="bbox 383 723 1473 820; baseline -0.003 -23"><span class='ocrx_word' id='word_1_5' title='bbox 383 728 485 797; x_wconf 82' lang='grc' dir='ltr'>δὲκαὶ</span> <span class='ocrx_word' id='word_1_6' title='bbox 507 731 522 795; x_wconf 91' lang='grc' dir='ltr'>ό</span> <span class='ocrx_word' id='word_1_7' title='bbox 537 730 657 820; x_wconf 90' lang='grc' dir='ltr'>τρόπος.</span> <span class='ocrx_word' id='word_1_8' title='bbox 677 732 743 792; x_wconf 85' lang='grc' dir='ltr'>Κάν</span> <span class='ocrx_word' id='word_1_9' title='bbox 761 751 819 792; x_wconf 88' lang='grc' dir='ltr'>που</span> <span class='ocrx_word' id='word_1_10' title='bbox 836 729 888 792; x_wconf 82' lang='grc' dir='ltr'>καὶ</span> <span class='ocrx_word' id='word_1_11' title='bbox 909 729 1054 819; x_wconf 76' lang='grc' dir='ltr'>ἁμαρτεῖν</span> <span class='ocrx_word' id='word_1_12' title='bbox 1072 723 1232 816; x_wconf 77' lang='grc' dir='ltr'>ἐδόξαμεν,</span> <span class='ocrx_word' id='word_1_13' title='bbox 1254 728 1308 798; x_wconf 82' lang='grc' dir='ltr'>τήν</span> <span class='ocrx_word' id='word_1_14' title='bbox 1325 728 1473 817; x_wconf 66' lang='grc' dir='ltr'>αἰσχύνην</span> 
     </span>
     <span class='ocr_line' id='line_1_3' title="bbox 381 834 1471 931; baseline -0.001 -26"><span class='ocrx_word' id='word_1_15' title='bbox 381 841 492 912; x_wconf 88' lang='grc' dir='ltr'>ταύτην</span> <span class='ocrx_word' id='word_1_16' title='bbox 515 839 763 929; x_wconf 83' lang='grc' dir='ltr'>ἀποτριψόμεθα,</span> <span class='ocrx_word' id='word_1_17' title='bbox 785 839 838 903; x_wconf 85' lang='grc' dir='ltr'>καί</span> <span class='ocrx_word' id='word_1_18' title='bbox 862 842 915 902; x_wconf 95' lang='grc' dir='ltr'>τοῦ</span> <span class='ocrx_word' id='word_1_19' title='bbox 932 837 1037 903; x_wconf 80' lang='grc' dir='ltr'>λοιποῦ</span> <span class='ocrx_word' id='word_1_20' title='bbox 1052 838 1178 914; x_wconf 84' lang='grc' dir='ltr'><strong><em>πολίτας</em></strong></span> <span class='ocrx_word' id='word_1_21' title='bbox 1198 834 1300 926; x_wconf 77' lang='grc' dir='ltr'>ἕξομεν</span> <span class='ocrx_word' id='word_1_22' title='bbox 1317 837 1471 931; x_wconf 72' lang='grc' dir='ltr'>ἀγαθούς,</span> 
     </span>
     <span class='ocr_line' id='line_1_4' title="bbox 381 939 1474 1044; baseline -0.002 -28"><span class='ocrx_word' id='word_1_23' title='bbox 381 952 527 1044; x_wconf 81' lang='grc' dir='ltr'>καὶπρὸς</span> <span class='ocrx_word' id='word_1_24' title='bbox 548 949 694 1024; x_wconf 79' lang='grc' dir='ltr'>ἀλλήλους</span> <span class='ocrx_word' id='word_1_25' title='bbox 713 946 765 1036; x_wconf 81' lang='grc' dir='ltr'>μὲν</span> <span class='ocrx_word' id='word_1_26' title='bbox 788 949 890 1024; x_wconf 86' lang='grc' dir='ltr'>εύνους</span> <span class='ocrx_word' id='word_1_27' title='bbox 913 939 957 1013; x_wconf 86' lang='grc' dir='ltr'>ὅτ’</span> <span class='ocrx_word' id='word_1_28' title='bbox 976 947 1175 1040; x_wconf 81' lang='grc' dir='ltr'>εἰρηνεύομεν,</span> <span class='ocrx_word' id='word_1_29' title='bbox 1196 949 1270 1041; x_wconf 86' lang='grc' dir='ltr'>πρός</span> <span class='ocrx_word' id='word_1_30' title='bbox 1292 941 1322 1014; x_wconf 73' lang='grc' dir='ltr'>δ’</span> <span class='ocrx_word' id='word_1_31' title='bbox 1346 949 1474 1041; x_wconf 84' lang='grc' dir='ltr'>ε’χθροῦς</span> 
     </span>
     <span class='ocr_line' id='line_1_5' title="bbox 381 1058 1475 1153; baseline -0.002 -26"><span class='ocrx_word' id='word_1_32' title='bbox 381 1060 524 1153; x_wconf 75' lang='grc' dir='ltr'>ροόεροῦς</span> <span class='ocrx_word' id='word_1_33' title='bbox 534 1060 581 1126; x_wconf 87' lang='grc' dir='ltr'>ὅτε</span> <span class='ocrx_word' id='word_1_34' title='bbox 592 1060 768 1148; x_wconf 78' lang='grc' dir='ltr'>μαχόμεθα.</span> <span class='ocrx_word' id='word_1_35' title='bbox 783 1059 847 1122; x_wconf 87' lang='grc' dir='ltr'>Κάν</span> <span class='ocrx_word' id='word_1_36' title='bbox 858 1061 1036 1151; x_wconf 89' lang='grc' dir='ltr'>ἀριστεῦσαι</span> <span class='ocrx_word' id='word_1_37' title='bbox 1047 1058 1195 1145; x_wconf 86' lang='grc' dir='ltr'>συμπέσοι</span> <span class='ocrx_word' id='word_1_38' title='bbox 1207 1061 1278 1143; x_wconf 91' lang='grc' dir='ltr'>τινί,</span> <span class='ocrx_word' id='word_1_39' title='bbox 1293 1058 1381 1124; x_wconf 83' lang='grc' dir='ltr'>ἐκεῖν’</span> <span class='ocrx_word' id='word_1_40' title='bbox 1391 1059 1475 1125; x_wconf 87' lang='grc' dir='ltr'>ε’λευ·</span> 
     </span>
     <span class='ocr_line' id='line_1_6' title="bbox 381 1166 1472 1263; baseline -0.002 -25"><span class='ocrx_word' id='word_1_41' title='bbox 381 1172 474 1263; x_wconf 83' lang='grc' dir='ltr'>Θέρως</span> <span class='ocrx_word' id='word_1_42' title='bbox 503 1174 644 1250; x_wconf 84' lang='grc' dir='ltr'>ζητήσει,</span> <span class='ocrx_word' id='word_1_43' title='bbox 669 1169 691 1234; x_wconf 85' lang='grc' dir='ltr'>ἀ</span> <span class='ocrx_word' id='word_1_44' title='bbox 714 1166 753 1240; x_wconf 82' lang='grc' dir='ltr'>δή</span> <span class='ocrx_word' id='word_1_45' title='bbox 779 1170 908 1257; x_wconf 86' lang='grc' dir='ltr'>κάκείνῳ</span> <span class='ocrx_word' id='word_1_46' title='bbox 937 1171 989 1234; x_wconf 85' lang='grc' dir='ltr'>καὶ</span> <span class='ocrx_word' id='word_1_47' title='bbox 1017 1177 1054 1259; x_wconf 76' lang='grc' dir='ltr'>τῇ</span> <span class='ocrx_word' id='word_1_48' title='bbox 1076 1169 1161 1234; x_wconf 94' lang='grc' dir='ltr'>πόλει</span> <span class='ocrx_word' id='word_1_49' title='bbox 1188 1172 1232 1245; x_wconf 85' lang='grc' dir='ltr'>εἰς</span> <span class='ocrx_word' id='word_1_50' title='bbox 1263 1166 1355 1247; x_wconf 83' lang='grc' dir='ltr'>δόξαν</span> <span class='ocrx_word' id='word_1_51' title='bbox 1385 1173 1472 1236; x_wconf 84' lang='grc' dir='ltr'>ἔσται</span> 
     </span>
     <span class='ocr_line' id='line_1_7' title="bbox 381 1277 629 1357; baseline 0 -12"><span class='ocrx_word' id='word_1_52' title='bbox 381 1277 629 1357; x_wconf 86' lang='grc' dir='ltr'>διαιωνίζουσαν.</span> 
     </span>
    </p>
   </div>
   <div class='ocr_carea' id='block_1_2' title="bbox 758 1767 1080 1858">
    <p class='ocr_par' dir='ltr' id='par_1_3' title="bbox 758 1767 1080 1858">
     <span class='ocr_line' id='line_1_8' title="bbox 758 1767 1080 1858; baseline -0.009 0"><span class='ocrx_word' id='word_1_53' title='bbox 758 1767 995 1858; x_wconf 83' lang='grc' dir='ltr'><strong>ΜΕΛΕΤΗ</strong></span> <span class='ocrx_word' id='word_1_54' title='bbox 1022 1767 1080 1855; x_wconf 84' lang='grc' dir='ltr'>Ζ’.</span> 
     </span>
    </p>
   </div>
   <div class='ocr_carea' id='block_1_3' title="bbox 379 2029 1470 2298">
    <p class='ocr_par' dir='ltr' id='par_1_4' title="bbox 379 2029 1470 2298">
     <span class='ocr_line' id='line_1_9' title="bbox 379 2029 1468 2112; baseline 0.005 -26"><span class='ocrx_word' id='word_1_55' title='bbox 379 2031 494 2106; x_wconf 82' lang='grc' dir='ltr'>Πολέμου</span> <span class='ocrx_word' id='word_1_56' title='bbox 507 2035 580 2096; x_wconf 81' lang='grc' dir='ltr'>ὄντος</span> <span class='ocrx_word' id='word_1_57' title='bbox 594 2036 640 2086; x_wconf 79' lang='grc' dir='ltr'>καὶ</span> <span class='ocrx_word' id='word_1_58' title='bbox 652 2031 818 2110; x_wconf 81' lang='grc' dir='ltr'>πολιορκίας,</span> <span class='ocrx_word' id='word_1_59' title='bbox 834 2029 947 2086; x_wconf 83' lang='grc' dir='ltr'>ἀνελθών</span> <span class='ocrx_word' id='word_1_60' title='bbox 963 2051 1003 2095; x_wconf 92' lang='grc' dir='ltr'>τις</span> <span class='ocrx_word' id='word_1_61' title='bbox 1018 2031 1087 2096; x_wconf 81' lang='grc' dir='ltr'>ξένος</span> <span class='ocrx_word' id='word_1_62' title='bbox 1100 2031 1144 2089; x_wconf 80' lang='grc' dir='ltr'>ἐπὶ</span> <span class='ocrx_word' id='word_1_63' title='bbox 1158 2037 1189 2088; x_wconf 84' lang='grc' dir='ltr'>τὸ</span> <span class='ocrx_word' id='word_1_64' title='bbox 1205 2041 1297 2108; x_wconf 85' lang='grc' dir='ltr'>τεῖχος</span> <span class='ocrx_word' id='word_1_65' title='bbox 1310 2034 1468 2112; x_wconf 78' lang='grc' dir='ltr'>ἠρίστευσε,</span> 
     </span>
     <span class='ocr_line' id='line_1_10' title="bbox 419 2125 1470 2207; baseline 0.006 -27"><span class='ocrx_word' id='word_1_66' title='bbox 419 2133 498 2202; x_wconf 88' lang='grc' dir='ltr'>νόμου</span> <span class='ocrx_word' id='word_1_67' title='bbox 512 2125 658 2189; x_wconf 88' lang='grc' dir='ltr'>κελεύοντος</span> <span class='ocrx_word' id='word_1_68' title='bbox 671 2133 707 2201; x_wconf 78' lang='grc' dir='ltr'>μή</span> <span class='ocrx_word' id='word_1_69' title='bbox 723 2125 822 2180; x_wconf 81' lang='grc' dir='ltr'>ἀνιέναι</span> <span class='ocrx_word' id='word_1_70' title='bbox 841 2125 911 2189; x_wconf 80' lang='grc' dir='ltr'>ξένον</span> <span class='ocrx_word' id='word_1_71' title='bbox 928 2126 954 2180; x_wconf 85' lang='grc' dir='ltr'>ἐν</span> <span class='ocrx_word' id='word_1_72' title='bbox 968 2131 1080 2201; x_wconf 83' lang='grc' dir='ltr'>τοιούτῳ</span> <span class='ocrx_word' id='word_1_73' title='bbox 1095 2136 1188 2206; x_wconf 82' lang='grc' dir='ltr'>καιρῷ.</span> <span class='ocrx_word' id='word_1_74' title='bbox 1210 2135 1262 2183; x_wconf 79' lang='grc' dir='ltr'>Καὶ</span> <span class='ocrx_word' id='word_1_75' title='bbox 1279 2130 1416 2207; x_wconf 67' lang='grc' dir='ltr'>ὑπάγεται</span> <span class='ocrx_word' id='word_1_76' title='bbox 1432 2136 1470 2205; x_wconf 82' lang='grc' dir='ltr'>τῷ</span> 
     </span>
     <span class='ocr_line' id='line_1_11' title="bbox 418 2217 925 2298; baseline -0.002 -22"><span class='ocrx_word' id='word_1_77' title='bbox 418 2219 520 2298; x_wconf 59' lang='grc' dir='ltr'>νόμῳί.</span> <span class='ocrx_word' id='word_1_78' title='bbox 538 2221 690 2298; x_wconf 82' lang='grc' dir='ltr'>Μελετῶμεν</span> <span class='ocrx_word' id='word_1_79' title='bbox 706 2227 751 2277; x_wconf 78' lang='grc' dir='ltr'>τὀν</span> <span class='ocrx_word' id='word_1_80' title='bbox 769 2217 925 2296; x_wconf 70' lang='grc' dir='ltr'>ρεύγοντα’.</span> 
     </span>
    </p>
   </div>
   <div class='ocr_carea' id='block_1_4' title="bbox 371 2447 1468 3996">
    <p class='ocr_par' dir='ltr' id='par_1_5' title="bbox 373 2447 1468 3224">
     <span class='ocr_line' id='line_1_12' title="bbox 424 2447 1468 2559; baseline 0.004 -28"><span class='ocrx_word' id='word_1_81' title='bbox 424 2447 498 2558; x_wconf 70' lang='grc' dir='ltr'>Ιλγὼ</span> <span class='ocrx_word' id='word_1_82' title='bbox 514 2461 596 2555; x_wconf 58' lang='grc' dir='ltr'>μέν’,</span> <span class='ocrx_word' id='word_1_83' title='bbox 616 2461 640 2531; x_wconf 85' lang='grc' dir='ltr'><em>ὦ</em></span> <span class='ocrx_word' id='word_1_84' title='bbox 657 2461 782 2557; x_wconf 89' lang='grc' dir='ltr'>ἀνδρες,</span> <span class='ocrx_word' id='word_1_85' title='bbox 808 2467 860 2531; x_wconf 84' lang='grc' dir='ltr'>καί</span> <span class='ocrx_word' id='word_1_86' title='bbox 882 2467 951 2559; x_wconf 85' lang='grc' dir='ltr'>πρίν</span> <span class='ocrx_word' id='word_1_87' title='bbox 971 2468 1014 2542; x_wconf 84' lang='grc' dir='ltr'>είς</span> <span class='ocrx_word' id='word_1_88' title='bbox 1034 2465 1202 2558; x_wconf 76' lang='grc' dir='ltr'>ἀπολογίαν</span> <span class='ocrx_word' id='word_1_89' title='bbox 1219 2475 1412 2540; x_wconf 84' lang='grc' dir='ltr'>καταστῆναι</span> <span class='ocrx_word' id='word_1_90' title='bbox 1428 2461 1468 2534; x_wconf 78' lang='grc' dir='ltr'>ὧν</span> 
     </span>
     <span class='ocr_line' id='line_1_13' title="bbox 376 2577 1467 2671; baseline 0.002 -28"><span class='ocrx_word' id='word_1_91' title='bbox 376 2577 561 2670; x_wconf 75' lang='grc' dir='ltr'>ε’γκέκλημαι</span> <span class='ocrx_word' id='word_1_92' title='bbox 577 2579 662 2669; x_wconf 86' lang='grc' dir='ltr'>παρά</span> <span class='ocrx_word' id='word_1_93' title='bbox 678 2582 731 2641; x_wconf 92' lang='grc' dir='ltr'>τοῦ</span> <span class='ocrx_word' id='word_1_94' title='bbox 749 2582 884 2668; x_wconf 79' lang='grc' dir='ltr'>χρηστοῦ</span> <span class='ocrx_word' id='word_1_95' title='bbox 902 2577 1010 2642; x_wconf 89' lang='grc' dir='ltr'>τούτου</span> <span class='ocrx_word' id='word_1_96' title='bbox 1026 2580 1079 2642; x_wconf 83' lang='grc' dir='ltr'>καί</span> <span class='ocrx_word' id='word_1_97' title='bbox 1099 2577 1129 2653; x_wconf 83' lang='grc' dir='ltr'>ἐς</span> <span class='ocrx_word' id='word_1_98' title='bbox 1145 2585 1238 2669; x_wconf 88' lang='grc' dir='ltr'>ἀκρον</span> <span class='ocrx_word' id='word_1_99' title='bbox 1252 2577 1467 2671; x_wconf 71' lang='grc' dir='ltr'>νομοτριύοῦς,</span> 
     </span>
     <span class='ocr_line' id='line_1_14' title="bbox 376 2686 1468 2782; baseline 0.002 -28"><span class='ocrx_word' id='word_1_100' title='bbox 376 2689 499 2782; x_wconf 83' lang='grc' dir='ltr'>ὡρακιῶ</span> <span class='ocrx_word' id='word_1_101' title='bbox 523 2689 575 2754; x_wconf 83' lang='grc' dir='ltr'>καί</span> <span class='ocrx_word' id='word_1_102' title='bbox 601 2686 717 2781; x_wconf 86' lang='grc' dir='ltr'>τρέμω,</span> <span class='ocrx_word' id='word_1_103' title='bbox 737 2691 778 2775; x_wconf 94' lang='grc' dir='ltr'>μή</span> <span class='ocrx_word' id='word_1_104' title='bbox 801 2712 864 2762; x_wconf 90' lang='grc' dir='ltr'>πως</span> <span class='ocrx_word' id='word_1_105' title='bbox 887 2687 978 2775; x_wconf 90' lang='grc' dir='ltr'>νόμος</span> <span class='ocrx_word' id='word_1_106' title='bbox 1001 2712 1047 2762; x_wconf 89' lang='grc' dir='ltr'>τις</span> <span class='ocrx_word' id='word_1_107' title='bbox 1070 2687 1162 2763; x_wconf 87' lang='grc' dir='ltr'>ἀλλος</span> <span class='ocrx_word' id='word_1_108' title='bbox 1185 2695 1250 2753; x_wconf 87' lang='grc' dir='ltr'>τῶν</span> <span class='ocrx_word' id='word_1_109' title='bbox 1270 2689 1411 2756; x_wconf 86' lang='grc' dir='ltr'>παλαιῶν</span> <span class='ocrx_word' id='word_1_110' title='bbox 1437 2688 1468 2769; x_wconf 81' lang='grc' dir='ltr'>ἐξ</span> 
     </span>
     <span class='ocr_line' id='line_1_15' title="bbox 376 2797 1468 2892; baseline 0.004 -27"><span class='ocrx_word' id='word_1_111' title='bbox 376 2802 508 2892; x_wconf 75' lang='grc' dir='ltr'>ἀφανοῦς</span> <span class='ocrx_word' id='word_1_112' title='bbox 530 2799 620 2888; x_wconf 85' lang='grc' dir='ltr'>μέσον</span> <span class='ocrx_word' id='word_1_113' title='bbox 641 2797 724 2885; x_wconf 82' lang='grc' dir='ltr'>ὑμῶν</span> <span class='ocrx_word' id='word_1_114' title='bbox 742 2801 896 2891; x_wconf 77' lang='grc' dir='ltr'>προταθῄ,</span> <span class='ocrx_word' id='word_1_115' title='bbox 916 2799 990 2882; x_wconf 88' lang='grc' dir='ltr'>καί,</span> <span class='ocrx_word' id='word_1_116' title='bbox 1009 2799 1051 2874; x_wconf 87' lang='grc' dir='ltr'>ὡς</span> <span class='ocrx_word' id='word_1_117' title='bbox 1068 2797 1102 2864; x_wconf 89' lang='grc' dir='ltr'>οῦ</span> <span class='ocrx_word' id='word_1_118' title='bbox 1120 2799 1208 2885; x_wconf 85' lang='grc' dir='ltr'>μετόν</span> <span class='ocrx_word' id='word_1_119' title='bbox 1223 2825 1275 2887; x_wconf 93' lang='grc' dir='ltr'>μοι</span> <span class='ocrx_word' id='word_1_120' title='bbox 1291 2809 1345 2877; x_wconf 80' lang='grc' dir='ltr'>τῆς</span> <span class='ocrx_word' id='word_1_121' title='bbox 1361 2798 1468 2873; x_wconf 80' lang='grc' dir='ltr'>ἐνθάδε</span> 
     </span>
     <span class='ocr_line' id='line_1_16' title="bbox 375 2908 1468 3003; baseline 0.003 -26"><span class='ocrx_word' id='word_1_122' title='bbox 375 2908 511 3003; x_wconf 77' lang='grc' dir='ltr'>παρόδου</span> <span class='ocrx_word' id='word_1_123' title='bbox 537 2910 611 2977; x_wconf 83' lang='grc' dir='ltr'>ὅπου</span> <span class='ocrx_word' id='word_1_124' title='bbox 637 2910 757 2974; x_wconf 87' lang='grc' dir='ltr'>πολῖται</span> <span class='ocrx_word' id='word_1_125' title='bbox 782 2911 833 2975; x_wconf 84' lang='grc' dir='ltr'>καί</span> <span class='ocrx_word' id='word_1_126' title='bbox 858 2911 942 2998; x_wconf 93' lang='grc' dir='ltr'>μόνοι</span> <span class='ocrx_word' id='word_1_127' title='bbox 962 2911 1131 3001; x_wconf 81' lang='grc' dir='ltr'>κρίνονται,</span> <span class='ocrx_word' id='word_1_128' title='bbox 1150 2912 1206 2986; x_wconf 87' lang='grc' dir='ltr'>τάς</span> <span class='ocrx_word' id='word_1_129' title='bbox 1223 2910 1360 3001; x_wconf 82' lang='grc' dir='ltr'>ἐσχάτας</span> <span class='ocrx_word' id='word_1_130' title='bbox 1377 2910 1468 2992; x_wconf 90' lang='grc' dir='ltr'>δίκας</span> 
     </span>
     <span class='ocr_line' id='line_1_17' title="bbox 374 3016 1465 3117; baseline 0.005 -31"><span class='ocrx_word' id='word_1_131' title='bbox 374 3019 490 3114; x_wconf 80' lang='grc' dir='ltr'>ῦρέξω,</span> <span class='ocrx_word' id='word_1_132' title='bbox 510 3024 581 3106; x_wconf 90' lang='grc' dir='ltr'>καί,</span> <span class='ocrx_word' id='word_1_133' title='bbox 600 3021 680 3108; x_wconf 86' lang='grc' dir='ltr'>νόμῳ</span> <span class='ocrx_word' id='word_1_134' title='bbox 695 3019 800 3108; x_wconf 88' lang='grc' dir='ltr'>λαχὼν</span> <span class='ocrx_word' id='word_1_135' title='bbox 815 3018 939 3096; x_wconf 78' lang='grc' dir='ltr'>εὐθύνας</span> <span class='ocrx_word' id='word_1_136' title='bbox 955 3016 1092 3106; x_wconf 86' lang='grc' dir='ltr'>διδόναι,</span> <span class='ocrx_word' id='word_1_137' title='bbox 1112 3023 1201 3110; x_wconf 93' lang='grc' dir='ltr'>νόμον</span> <span class='ocrx_word' id='word_1_138' title='bbox 1216 3021 1309 3088; x_wconf 87' lang='grc' dir='ltr'>ἀλλον</span> <span class='ocrx_word' id='word_1_139' title='bbox 1321 3020 1398 3117; x_wconf 88' lang='grc' dir='ltr'>εῦρω</span> <span class='ocrx_word' id='word_1_140' title='bbox 1412 3029 1465 3092; x_wconf 87' lang='grc' dir='ltr'>καί</span> 
     </span>
     <span class='ocr_line' id='line_1_18' title="bbox 373 3127 898 3224; baseline -0.004 -27"><span class='ocrx_word' id='word_1_141' title='bbox 373 3133 431 3224; x_wconf 91' lang='grc' dir='ltr'>πρό</span> <span class='ocrx_word' id='word_1_142' title='bbox 447 3141 505 3198; x_wconf 84' lang='grc' dir='ltr'>τῶν</span> <span class='ocrx_word' id='word_1_143' title='bbox 524 3133 621 3224; x_wconf 72' lang='grc' dir='ltr'>λόγων</span> <span class='ocrx_word' id='word_1_144' title='bbox 636 3127 898 3206; x_wconf 77' lang='grc' dir='ltr'>καταδικάζοντα.</span> 
     </span>
    </p>

    <p class='ocr_par' dir='ltr' id='par_1_6' title="bbox 371 3238 1466 3996">
     <span class='ocr_line' id='line_1_19' title="bbox 422 3238 1466 3336; baseline 0.006 -28"><span class='ocrx_word' id='word_1_145' title='bbox 422 3246 459 3308; x_wconf 85' lang='grc' dir='ltr'>Εἰ</span> <span class='ocrx_word' id='word_1_146' title='bbox 475 3246 548 3336; x_wconf 77' lang='grc' dir='ltr'>γάρ,</span> <span class='ocrx_word' id='word_1_147' title='bbox 571 3242 661 3328; x_wconf 83' lang='grc' dir='ltr'>ὅπου,</span> <span class='ocrx_word' id='word_1_148' title='bbox 687 3241 862 3334; x_wconf 90' lang='grc' dir='ltr'>πολιορκίας</span> <span class='ocrx_word' id='word_1_149' title='bbox 884 3243 976 3318; x_wconf 88' lang='grc' dir='ltr'>ούσης</span> <span class='ocrx_word' id='word_1_150' title='bbox 992 3245 1044 3308; x_wconf 83' lang='grc' dir='ltr'>καί</span> <span class='ocrx_word' id='word_1_151' title='bbox 1071 3238 1174 3308; x_wconf 82' lang='grc' dir='ltr'>δεινῶν</span> <span class='ocrx_word' id='word_1_152' title='bbox 1190 3242 1382 3333; x_wconf 83' lang='grc' dir='ltr'>ἐπικειμένων</span> <span class='ocrx_word' id='word_1_153' title='bbox 1403 3257 1466 3325; x_wconf 85' lang='grc' dir='ltr'>τοῖς</span> 
     </span>
     <span class='ocr_line' id='line_1_20' title="bbox 372 3349 1466 3447; baseline 0.003 -26"><span class='ocrx_word' id='word_1_154' title='bbox 372 3353 509 3432; x_wconf 87' lang='grc' dir='ltr'>πολίταις</span> <span class='ocrx_word' id='word_1_155' title='bbox 525 3363 582 3420; x_wconf 84' lang='grc' dir='ltr'>τῶν</span> <span class='ocrx_word' id='word_1_156' title='bbox 600 3354 633 3420; x_wconf 83' lang='grc' dir='ltr'>ἐκ</span> <span class='ocrx_word' id='word_1_157' title='bbox 654 3353 798 3441; x_wconf 90' lang='grc' dir='ltr'>πολέμου,</span> <span class='ocrx_word' id='word_1_158' title='bbox 823 3355 952 3418; x_wconf 81' lang='grc' dir='ltr'>καὶτῶν</span> <span class='ocrx_word' id='word_1_159' title='bbox 974 3349 1116 3418; x_wconf 82' lang='grc' dir='ltr'>κινδύνων</span> <span class='ocrx_word' id='word_1_160' title='bbox 1134 3353 1163 3418; x_wconf 85' lang='grc' dir='ltr'>έν</span> <span class='ocrx_word' id='word_1_161' title='bbox 1187 3363 1253 3447; x_wconf 84' lang='grc' dir='ltr'>χρῷ</span> <span class='ocrx_word' id='word_1_162' title='bbox 1275 3363 1329 3432; x_wconf 85' lang='grc' dir='ltr'>τῆς</span> <span class='ocrx_word' id='word_1_163' title='bbox 1350 3357 1466 3435; x_wconf 89' lang='grc' dir='ltr'>πόλεως</span> 
     </span>
     <span class='ocr_line' id='line_1_21' title="bbox 373 3459 1465 3558; baseline 0.002 -26"><span class='ocrx_word' id='word_1_164' title='bbox 373 3471 476 3553; x_wconf 87' lang='grc' dir='ltr'>όντων,</span> <span class='ocrx_word' id='word_1_165' title='bbox 494 3463 574 3544; x_wconf 79' lang='grc' dir='ltr'>ξένος</span> <span class='ocrx_word' id='word_1_166' title='bbox 588 3465 666 3558; x_wconf 75' lang='grc' dir='ltr'>ἐγώ,</span> <span class='ocrx_word' id='word_1_167' title='bbox 688 3466 740 3530; x_wconf 81' lang='grc' dir='ltr'>καί</span> <span class='ocrx_word' id='word_1_168' title='bbox 758 3459 852 3552; x_wconf 86' lang='grc' dir='ltr'>μηδὲν</span> <span class='ocrx_word' id='word_1_169' title='bbox 864 3468 1019 3556; x_wconf 89' lang='grc' dir='ltr'>προςήκων</span> <span class='ocrx_word' id='word_1_170' title='bbox 1035 3475 1098 3541; x_wconf 86' lang='grc' dir='ltr'>τοῖς</span> <span class='ocrx_word' id='word_1_171' title='bbox 1115 3464 1143 3530; x_wconf 87' lang='grc' dir='ltr'>ἐν</span> <span class='ocrx_word' id='word_1_172' title='bbox 1159 3474 1195 3555; x_wconf 80' lang='grc' dir='ltr'>τῇ</span> <span class='ocrx_word' id='word_1_173' title='bbox 1211 3465 1313 3551; x_wconf 91' lang='grc' dir='ltr'>πόλει,</span> <span class='ocrx_word' id='word_1_174' title='bbox 1333 3465 1416 3555; x_wconf 83' lang='grc' dir='ltr'>ὅμως</span> <span class='ocrx_word' id='word_1_175' title='bbox 1431 3470 1465 3534; x_wconf 86' lang='grc' dir='ltr'>τό</span> 
     </span>
     <span class='ocr_line' id='line_1_22' title="bbox 372 3569 1465 3668; baseline 0.003 -27"><span class='ocrx_word' id='word_1_176' title='bbox 372 3573 515 3648; x_wconf 84' lang='grc' dir='ltr'>τηνικάδε</span> <span class='ocrx_word' id='word_1_177' title='bbox 540 3575 621 3651; x_wconf 86' lang='grc' dir='ltr'>ε’ντδς</span> <span class='ocrx_word' id='word_1_178' title='bbox 643 3575 682 3640; x_wconf 85' lang='grc' dir='ltr'>ὢν</span> <span class='ocrx_word' id='word_1_179' title='bbox 706 3575 758 3638; x_wconf 84' lang='grc' dir='ltr'>καὶ</span> <span class='ocrx_word' id='word_1_180' title='bbox 785 3582 843 3638; x_wconf 81' lang='grc' dir='ltr'>τῶν</span> <span class='ocrx_word' id='word_1_181' title='bbox 865 3569 969 3639; x_wconf 83' lang='grc' dir='ltr'>δεινῶν</span> <span class='ocrx_word' id='word_1_182' title='bbox 985 3573 1133 3662; x_wconf 86' lang='grc' dir='ltr'>μετέχων,</span> <span class='ocrx_word' id='word_1_183' title='bbox 1152 3576 1204 3640; x_wconf 86' lang='grc' dir='ltr'>καὶ</span> <span class='ocrx_word' id='word_1_184' title='bbox 1223 3571 1284 3640; x_wconf 85' lang='grc' dir='ltr'>δεῖν</span> <span class='ocrx_word' id='word_1_185' title='bbox 1300 3575 1465 3668; x_wconf 72' lang='grc' dir='ltr'>ἡγούμενος</span> 
     </span>
     <span class='ocr_line' id='line_1_23' title="bbox 373 3682 1465 3776; baseline 0.005 -27"><span class='ocrx_word' id='word_1_186' title='bbox 373 3682 427 3750; x_wconf 89' lang='grc' dir='ltr'>διά</span> <span class='ocrx_word' id='word_1_187' title='bbox 443 3691 541 3750; x_wconf 89' lang='grc' dir='ltr'>ταῦτα</span> <span class='ocrx_word' id='word_1_188' title='bbox 558 3683 691 3772; x_wconf 88' lang='grc' dir='ltr'>ἀμύνειν,</span> <span class='ocrx_word' id='word_1_189' title='bbox 712 3684 841 3749; x_wconf 83' lang='grc' dir='ltr'>ἀνελθὼν</span> <span class='ocrx_word' id='word_1_190' title='bbox 858 3683 903 3749; x_wconf 83' lang='grc' dir='ltr'>ε’πί</span> <span class='ocrx_word' id='word_1_191' title='bbox 929 3685 962 3748; x_wconf 86' lang='grc' dir='ltr'>τό</span> <span class='ocrx_word' id='word_1_192' title='bbox 985 3695 1087 3773; x_wconf 89' lang='grc' dir='ltr'>τεῖχος</span> <span class='ocrx_word' id='word_1_193' title='bbox 1110 3687 1297 3776; x_wconf 89' lang='grc' dir='ltr'>ήρίστευσα,</span> <span class='ocrx_word' id='word_1_194' title='bbox 1322 3688 1385 3751; x_wconf 91' lang='grc' dir='ltr'>κάκ</span> <span class='ocrx_word' id='word_1_195' title='bbox 1406 3696 1465 3754; x_wconf 87' lang='grc' dir='ltr'>τῶν</span> 
     </span>
     <span class='ocr_line' id='line_1_24' title="bbox 372 3788 1462 3885; baseline 0.006 -27"><span class='ocrx_word' id='word_1_196' title='bbox 372 3788 524 3859; x_wconf 63' lang='grc' dir='ltr'>δυνατῶν*</span> <span class='ocrx_word' id='word_1_197' title='bbox 537 3793 601 3882; x_wconf 81' lang='grc' dir='ltr'>ἐμοὶ</span> <span class='ocrx_word' id='word_1_198' title='bbox 615 3797 721 3865; x_wconf 78' lang='grc' dir='ltr'>ὤθησα</span> <span class='ocrx_word' id='word_1_199' title='bbox 734 3802 770 3882; x_wconf 75' lang='grc' dir='ltr'>τῇ</span> <span class='ocrx_word' id='word_1_200' title='bbox 780 3793 864 3858; x_wconf 92' lang='grc' dir='ltr'>πόλει</span> <span class='ocrx_word' id='word_1_201' title='bbox 873 3794 923 3858; x_wconf 89' lang='grc' dir='ltr'>τόν</span> <span class='ocrx_word' id='word_1_202' title='bbox 937 3791 1103 3859; x_wconf 51' lang='grc' dir='ltr'>κίνδυνονδ·</span> <span class='ocrx_word' id='word_1_203' title='bbox 1121 3797 1146 3859; x_wconf 85' lang='grc' dir='ltr'>εἰ</span> <span class='ocrx_word' id='word_1_204' title='bbox 1159 3801 1244 3885; x_wconf 77' lang='grc' dir='ltr'>γοῦν,</span> <span class='ocrx_word' id='word_1_205' title='bbox 1261 3794 1336 3862; x_wconf 86' lang='grc' dir='ltr'>ὅπου</span> <span class='ocrx_word' id='word_1_206' title='bbox 1349 3802 1462 3883; x_wconf 88' lang='grc' dir='ltr'>ταῦτα,</span> 
     </span>
     <span class='ocr_line' id='line_1_25' title="bbox 371 3899 1464 3996; baseline 0.005 -27"><span class='ocrx_word' id='word_1_207' title='bbox 371 3904 423 3970; x_wconf 83' lang='grc' dir='ltr'>καί</span> <span class='ocrx_word' id='word_1_208' title='bbox 453 3902 652 3996; x_wconf 73' lang='grc' dir='ltr'>εὐεργετήσας</span> <span class='ocrx_word' id='word_1_209' title='bbox 660 3941 676 3988; x_wconf 52' lang='grc'>,&gt;</span> <span class='ocrx_word' id='word_1_210' title='bbox 696 3902 750 3968; x_wconf 89' lang='grc' dir='ltr'>οῦκ</span> <span class='ocrx_word' id='word_1_211' title='bbox 776 3899 948 3991; x_wconf 89' lang='grc' dir='ltr'>ἀδικήσας,</span> <span class='ocrx_word' id='word_1_212' title='bbox 974 3906 1136 3995; x_wconf 79' lang='grc' dir='ltr'>φαίνομαι,</span> <span class='ocrx_word' id='word_1_213' title='bbox 1163 3904 1218 3970; x_wconf 91' lang='grc' dir='ltr'>οῦκ</span> <span class='ocrx_word' id='word_1_214' title='bbox 1244 3904 1398 3996; x_wconf 88' lang='grc' dir='ltr'>ἀπέσχετό</span> <span class='ocrx_word' id='word_1_215' title='bbox 1419 3934 1464 3986; x_wconf 89' lang='grc' dir='ltr'>τις</span> 
     </span>
    </p>
   </div>
   <div class='ocr_carea' id='block_1_5' title="bbox 371 4016 1464 4112">
    <p class='ocr_par' dir='ltr' id='par_1_7' title="bbox 371 4016 1464 4112">
     <span class='ocr_line' id='line_1_26' title="bbox 371 4016 1464 4112; baseline 0.003 -29"><span class='ocrx_word' id='word_1_216' title='bbox 371 4027 563 4111; x_wconf 76' lang='grc' dir='ltr'>κατηγορεῖν,</span> <span class='ocrx_word' id='word_1_217' title='bbox 583 4016 636 4083; x_wconf 82' lang='grc' dir='ltr'>καὶ</span> <span class='ocrx_word' id='word_1_218' title='bbox 655 4017 743 4104; x_wconf 92' lang='grc' dir='ltr'>νόμον</span> <span class='ocrx_word' id='word_1_219' title='bbox 760 4017 904 4112; x_wconf 90' lang='grc' dir='ltr'>προτείνει</span> <span class='ocrx_word' id='word_1_220' title='bbox 925 4019 1017 4104; x_wconf 81' lang='grc' dir='ltr'>ἔχων,</span> <span class='ocrx_word' id='word_1_221' title='bbox 1039 4017 1081 4092; x_wconf 87' lang='grc' dir='ltr'>ὡς</span> <span class='ocrx_word' id='word_1_222' title='bbox 1097 4016 1195 4108; x_wconf 73' lang='grc' dir='ltr'>λέγει,</span> <span class='ocrx_word' id='word_1_223' title='bbox 1213 4017 1264 4082; x_wconf 88' lang='grc' dir='ltr'>τόν</span> <span class='ocrx_word' id='word_1_224' title='bbox 1280 4023 1380 4085; x_wconf 90' lang='grc' dir='ltr'>ταῦτα</span> <span class='ocrx_word' id='word_1_225' title='bbox 1397 4047 1464 4085; x_wconf 90' lang='grc' dir='ltr'>κω-</span> 
     </span>
    </p>
   </div>
   <div class='ocr_carea' id='block_1_6' title="bbox 401 4252 1462 4476">
    <p class='ocr_par' dir='ltr' id='par_1_8' title="bbox 401 4252 1462 4476">
     <span class='ocr_line' id='line_1_27' title="bbox 402 4252 1462 4327; baseline 0.005 -26"><span class='ocrx_word' id='word_1_226' title='bbox 402 4252 411 4279; x_wconf 79' lang='lat'>¹</span> <span class='ocrx_word' id='word_1_227' title='bbox 424 4252 522 4304; x_wconf 85' lang='lat' dir='ltr'><strong>Schol.:</strong></span> <span class='ocrx_word' id='word_1_228' title='bbox 535 4259 549 4312; x_wconf 83' lang='grc' dir='ltr'>ἡ</span> <span class='ocrx_word' id='word_1_229' title='bbox 561 4257 651 4310; x_wconf 86' lang='grc' dir='ltr'>στάσις·</span> <span class='ocrx_word' id='word_1_230' title='bbox 662 4253 732 4321; x_wconf 82' lang='grc' dir='ltr'>ῥητὸν</span> <span class='ocrx_word' id='word_1_231' title='bbox 742 4258 781 4302; x_wconf 86' lang='grc' dir='ltr'>καὶ</span> <span class='ocrx_word' id='word_1_232' title='bbox 795 4253 899 4304; x_wconf 83' lang='grc' dir='ltr'>διάνοια.</span> <span class='ocrx_word' id='word_1_233' title='bbox 928 4259 969 4304; x_wconf 85' lang='grc' dir='ltr'>τοῦ</span> <span class='ocrx_word' id='word_1_234' title='bbox 976 4257 1120 4320; x_wconf 68' lang='grc' dir='ltr'>κατηγόρου·</span> <span class='ocrx_word' id='word_1_235' title='bbox 1132 4256 1212 4320; x_wconf 83' lang='grc' dir='ltr'>ρθόνον</span> <span class='ocrx_word' id='word_1_236' title='bbox 1225 4261 1273 4324; x_wconf 75' lang='grc' dir='ltr'>γὰρ</span> <span class='ocrx_word' id='word_1_237' title='bbox 1281 4260 1462 4327; x_wconf 82' lang='grc' dir='ltr'>προανακρούει.</span> 
     </span>
     <span class='ocr_line' id='line_1_28' title="bbox 402 4326 1460 4398; baseline 0.006 -18"><span class='ocrx_word' id='word_1_238' title='bbox 402 4327 570 4396; x_wconf 81' lang='grc' dir='ltr'>ΙΜελετῶμεν]</span> <span class='ocrx_word' id='word_1_239' title='bbox 584 4330 639 4381; x_wconf 79' lang='lat' dir='ltr'>vide</span> <span class='ocrx_word' id='word_1_240' title='bbox 648 4345 674 4396; x_wconf 82' lang='lat' dir='ltr'>p.</span> <span class='ocrx_word' id='word_1_241' title='bbox 686 4329 717 4377; x_wconf 82' lang='grc'>90</span> <span class='ocrx_word' id='word_1_242' title='bbox 724 4366 731 4389; x_wconf 88' lang='grc'>,</span> <span class='ocrx_word' id='word_1_243' title='bbox 742 4347 766 4380; x_wconf 90' lang='lat' dir='ltr'>n.</span> <span class='ocrx_word' id='word_1_244' title='bbox 780 4333 805 4379; x_wconf 85' lang='grc'>3.</span> <span class='ocrx_word' id='word_1_245' title='bbox 961 4326 1022 4381; x_wconf 72' lang='grc' dir='ltr'>’Ἐκ</span> <span class='ocrx_word' id='word_1_246' title='bbox 1037 4341 1082 4380; x_wconf 84' lang='grc' dir='ltr'>τῶν</span> <span class='ocrx_word' id='word_1_247' title='bbox 1097 4331 1212 4396; x_wconf 85' lang='grc' dir='ltr'>δυνατῶν]</span> <span class='ocrx_word' id='word_1_248' title='bbox 1223 4332 1279 4383; x_wconf 78' lang='lat' dir='ltr'>vide</span> <span class='ocrx_word' id='word_1_249' title='bbox 1291 4350 1318 4398; x_wconf 86' lang='lat' dir='ltr'>p.</span> <span class='ocrx_word' id='word_1_250' title='bbox 1332 4336 1383 4396; x_wconf 80' lang='lat'>59,</span> <span class='ocrx_word' id='word_1_251' title='bbox 1395 4350 1423 4387; x_wconf 82' lang='lat' dir='ltr'>n.</span> <span class='ocrx_word' id='word_1_252' title='bbox 1435 4337 1460 4386; x_wconf 79' lang='grc'>8.</span> 
     </span>
     <span class='ocr_line' id='line_1_29' title="bbox 401 4406 1355 4476; baseline 0.006 -18"><span class='ocrx_word' id='word_1_253' title='bbox 401 4406 523 4461; x_wconf 79' lang='lat' dir='ltr'>⁸Schol.:</span> <span class='ocrx_word' id='word_1_254' title='bbox 538 4418 565 4462; x_wconf 80' lang='grc' dir='ltr'>τὸ</span> <span class='ocrx_word' id='word_1_255' title='bbox 582 4416 705 4476; x_wconf 84' lang='grc' dir='ltr'>προοίμιον</span> <span class='ocrx_word' id='word_1_256' title='bbox 722 4410 748 4471; x_wconf 81' lang='grc' dir='ltr'>ίξ</span> <span class='ocrx_word' id='word_1_257' title='bbox 766 4408 900 4474; x_wconf 76' lang='grc' dir='ltr'>ὑπολήψεως</span> <span class='ocrx_word' id='word_1_258' title='bbox 961 4406 1111 4475; x_wconf 73' lang='grc' dir='ltr'>“Ὠθεῖν....]</span> <span class='ocrx_word' id='word_1_259' title='bbox 1126 4409 1182 4460; x_wconf 78' lang='lat' dir='ltr'>vide</span> <span class='ocrx_word' id='word_1_260' title='bbox 1192 4427 1217 4475; x_wconf 85' lang='lat' dir='ltr'>p.</span> <span class='ocrx_word' id='word_1_261' title='bbox 1232 4412 1279 4473; x_wconf 75' lang='lat'>29,</span> <span class='ocrx_word' id='word_1_262' title='bbox 1289 4427 1315 4464; x_wconf 85' lang='lat' dir='ltr'>n.</span> <span class='ocrx_word' id='word_1_263' title='bbox 1330 4415 1355 4464; x_wconf 75' lang='lat'>⁵.</span> 
     </span>
    </p>
   </div>
   <div class='ocr_carea' id='block_1_7' title="bbox 0 0 1846 5659">
    <p class='ocr_par' dir='ltr' id='par_1_9' title="bbox 0 0 1846 5659">
     <span class='ocr_line' id='line_1_30' title="bbox 0 0 1846 5659; baseline 0 5"><span class='ocrx_word' id='word_1_264' title='bbox 0 0 1846 5659; x_wconf 95' lang='lat' dir='ltr'> </span> 
     </span>
    </p>
   </div>
  </div>
 </body>
</html>
