3684 5659
372 626 443 694 240
706 632 741 689 Γ.
770 630 844 691 ΤΟΥ
869 626 1124 690 ΠΑΧΥΜΕΡΟΥΣ

420 744 496 853 Ε’μοί
524 761 639 855 ποιτηρ1
662 764 778 853 ἀγαθὸς
804 765 844 828 τά
870 764 1038 851 πολεμικά,
1071 757 1233 849 δημοτικός
1256 761 1307 826 τὸν
1335 763 1468 851 τρόπον,

372 875 490 966 μέτριος
506 875 580 967 πρὸς
602 873 672 951 τοῦς
692 875 816 950 πολίτας
839 877 891 940 καί
915 874 1035 964 ἱλαρός,
1059 873 1132 964 πρὸς
1152 867 1185 936 θέ
1199 870 1279 948 ’τοὺς
1300 867 1473 962 ἐχθρωδῶς
1512 952 1515 957 Ι

372 989 498 1076 ἔχοντας
514 986 587 1078 πρὸς
604 986 657 1056 την
673 986 757 1050 πόλιν
774 988 825 1050 καὶ
850 986 917 1050 λίαν
940 981 1084 1076 θρασύς’·
1110 987 1189 1073 ἐχων
1209 983 1273 1048 υἱὸν
1296 981 1348 1070 ἐμὲ
1372 977 1472 1069 μηδὲν

373 1098 537 1162 ἀπεοικότα
553 1097 626 1188 πρὸς
640 1095 709 1171 τούς
726 1096 838 1161 ἐκείνου
855 1097 998 1188 τρόπους,
1018 1096 1058 1170 ὡς
1074 1096 1127 1159 καί
1144 1093 1273 1170 πολλοὺς
1288 1101 1348 1158 τῶν
1362 1088 1468 1158 ἐνθαδί
1504 1112 1506 1117 ’

373 1217 546 1300 μαρτυρεῖν.
566 1206 611 1271 Δι’
629 1208 664 1279 ἣν
682 1209 783 1272 αἰτίαν
801 1209 853 1272 καί
874 1207 1019 1282 πολλάκις
1037 1205 1085 1270 ἐπὶ
1102 1204 1237 1296 φοθερῶν
1250 1204 1390 1292 πολέμων
1408 1229 1472 1269 ποι-

373 1318 613 1410 ραταττόμενος,
643 1319 684 1394 ὡς
712 1317 822 1394 ἐκεῖνος
851 1318 965 1408 ἑλεγεν,
997 1313 1082 1382 ούιίἐν
1108 1316 1259 1407 ἐλογίζετο
1286 1315 1320 1380 τὸ
1349 1318 1493 1401 θανεῖν,,

374 1427 500 1504 ἐλπίζων
523 1431 575 1494 καί
597 1429 690 1494 πάλιν
713 1433 766 1518 ζῇν
789 1428 897 1514 αύτός,
918 1431 943 1493 εἰ
961 1430 1013 1493 καὶ
1034 1430 1137 1509 θάνοι,
1159 1429 1211 1492 καὶ
1235 1426 1282 1492 ἐπὶ
1307 1435 1366 1492 τῶν
1389 1425 1474 1514 ἐμῶν

374 1543 467 1648 ἐργιρν
484 1541 656 1630 φαίνεσθαι.

423 1650 518 1741 Ελεγε
536 1646 570 1715 όέ
585 1650 731 1725 πολλάκις
746 1652 798 1716 καί
817 1651 890 1741 πρὸς
903 1649 955 1738 ἐμὲ
970 1648 1121 1725 τοιούτους
1139 1649 1268 1739 λόγους·

426 1734 482 1823 «d
505 1769 579 1845 παῖ,
603 1759 672 1848 ἐμὸς
692 1759 745 1848 μὲν
767 1769 804 1849 τῇ
829 1759 915 1851 φύσει
935 1768 1009 1835 παῖς
1030 1756 1073 1842 εἰ,
1098 1758 1168 1846 ἐμὸς
1191 1754 1225 1823 τίἐ
1248 1761 1301 1824 καί
1327 1760 1380 1824 καί
1407 1766 1473 1835 τοῖς
1505 1848 1508 1857 Ι

376 1871 497 1963 τρόποις
513 1873 650 1961 γίνεσθαι
672 1866 796 1936 σπεῦδε.
818 1869 929 1947 Φύσεις
948 1873 1010 1961 γάρ
1023 1872 1171 1957 σωμάτων
1188 1871 1240 1934 καί
1260 1867 1369 1957 ψυχῶν
1386 1871 1473 1956 πάμ·
1510 1890 1518 1955 ³]

375 1981 451 2046 πολυ
469 1977 679 2063 όιεστήκατον,
696 1982 748 2045 καί
768 1976 829 2045 ἰύοι
845 2005 890 2057 τις
909 1980 946 2044 ἀν
962 1981 1108 2056 πολλάκις
1123 1978 1192 2054 τούς
1207 1977 1261 2066 μὲν
1273 1981 1417 2070 γνησίους
1433 1987 1470 2068 τῇ
1508 1988 1518 2049 ’.

377 2089 462 2181 φύσει
485 2091 537 2154 καί
566 2086 617 2165 οῦς
646 2089 706 2154 ἑνοῖ
735 2092 883 2177 σωμάτων
910 2092 1061 2165 οἰκείωσις
1084 2089 1227 2177 πάμπολυ
1250 2085 1468 2181 διαφέροντας,

377 2199 446 2276 τούς
460 2196 493 2265 όε
507 2199 581 2265 πολὺ
595 2201 628 2264 τὸ
643 2199 727 2290 γένος
740 2196 955 2288 διῳκισμένους
967 2211 1031 2276 τοῖς
1047 2202 1167 2292 τρόποις
1181 2203 1317 2291 γνησίως·
1328 2204 1469 2289 ἔχοντας.

376 2310 488 2376 Βούλου
505 2312 601 2375 τοίνυν
618 2313 776 2401 φαίνεσθαι
790 2316 842 2375 τοῦ
860 2312 973 2401 πατρὸς
987 2311 1025 2387 ὡς
1040 2309 1213 2402 ἀρχετύπου
1229 2312 1332 2375 εἰκῶν.
1352 2312 1413 2376 Καί
1431 2310 1472 2398 μλ

377 2427 430 2487 τοῦ
444 2418 539 2498 δεῖνος
553 2420 693 2515 λέγεσθαι
709 2431 799 2506 παῖς,
819 2421 898 2486 ἀλλά
910 2424 963 2487 καί
978 2418 1054 2486 εἶναι
1067 2431 1135 2496 ταῖς
1147 2422 1319 2506 ἀληθείαις,
1340 2417 1469 2487 σπεῦδε·

379 2533 421 2620 μὴ
443 2529 477 2597 δὲ
499 2535 587 2620 μόνον
610 2536 721 2598 οἰκειοῦ
741 2541 783 2620 τῷ
804 2532 899 2624 γένει,
925 2532 1004 2597 ἀλλά
1023 2532 1123 2620 πολλῷ
1144 2533 1258 2620 μᾶλλον
1280 2542 1345 2608 τοῖς
1365 2536 1472 2618 ἤθεσι,

380 2645 462 2708 καθά
479 2646 531 2708 καί
550 2641 707 2736 βάρθαρος
726 2620 835 2715 Έλληνι
856 2645 1047 2708 οἰκειῶσαιτο
1065 2651 1116 2722 άν,
1137 2645 1189 2707 καί
1212 2643 1227 2708 ὁ
1246 2639 1278 2718 ἐξ
1298 2639 1473 2721 ἀλλοδαπῆς

379 2763 422 2840 τῷ
446 2753 620 2842 αῦτόχθονι.
648 2752 692 2819 Ού
714 2759 855 2818 τοσοῦτον
877 2757 936 2845 γάρ
967 2755 1077 2830 εἰκόνες
1102 2754 1244 2840 σώματος
1274 2761 1472 2847 παρεμφερεῖς

381 2861 534 2929 θεικνῦσίί
555 2888 656 2947 τινας,
681 2863 751 2928 όσον
770 2868 977 2941 καταστάσεις
996 2865 1111 2952 ψυχης.
1136 2844 1228 2953 Ιλχεις
1254 2871 1417 2957 τοιγαροῦν
1439 2866 1471 2931 τό

380 2973 482 3038 νύττον
500 2977 541 3048 εἰς
558 2980 660 3038 τοῦτο.
681 2973 725 3038 Ού
745 2977 804 3066 γάρ
824 2975 961 3059 άλλοθεν,
982 2975 1047 3040 ἀλλ’
1068 2975 1118 3065 ἀρ’
1139 2976 1258 3060 ἑστίας,
1281 2974 1420 3068 όρασιί,
1439 2977 1471 3041 τό

380 3081 591 3177 παράδειγμα.
610 3089 647 3149 Εἰ
662 3090 733 3174 γοῦν
750 3085 783 3149 οῦ
799 3086 900 3160 καλῶς
913 3089 1053 3176 πράττει,
1074 3093 1162 3178 φεῦγε
1175 3088 1227 3157 την
1241 3090 1382 3174 μίμησιν.
1401 3090 1471 3153 Τότε

381 3199 440 3286 γάρ
462 3220 506 3270 τις
525 3199 576 3260 καί
603 3197 782 3260 ἀπειθοῦντα
805 3205 847 3283 τῷ
873 3206 917 3283 σῴ
942 3201 1091 3289 γεννήτορι
1116 3197 1323 3282 ἐπαινέσεται,
1347 3201 1400 3263 καί
1424 3200 1473 3270 την

382 3306 517 3371 ἐναντίαν
534 3315 597 3381 τοῖς
614 3311 666 3370 τοῦ
686 3308 797 3399 πατρὸς
818 3308 938 3398 τρόποις
957 3304 1100 3373 ὁθεύοντα
1116 3319 1177 3384 πάς
1194 3318 1307 3399 ιρρονῶν
1326 3306 1473 3386 ἀποδέξε-

381 3444 445 3484 ται.
465 3420 524 3483 Καί
544 3417 634 3493 αὐτὸς
655 3417 715 3509 ἐγὼ
734 3414 769 3489 ἦν
789 3418 855 3497 ὅτε,
875 3421 1041 3509 κρείττονος
1058 3428 1116 3484 τῶν
1128 3423 1237 3511 παθῶν
1255 3425 1308 3484 τοῦ
1327 3421 1471 3512 λογισμοῦ

381 3526 567 3620 γεγονότος“,
586 3525 775 3606 ἐύυςωπηθην
791 3531 827 3594 ἀν
842 3531 894 3600 την
912 3532 1031 3622 ἀρετήν,
1053 3532 1104 3595 καὶ
1123 3538 1165 3617 τῷ
1184 3530 1316 3618 ἐμαυτοῦ
1336 3557 1469 3624 καταγι-

382 3827 533 3878 Herodianus
542 3829 717 3894 Epimerismis,
728 3847 754 3896 p.
765 3832 916 3881 ίίῗισκαιω-
943 3831 979 3881 ser
990 3847 1015 3896 p.
1029 3833 1069 3879 θλ.
1085 3832 1153 3882 ldem
1167 3849 1192 3898 p.
1214 3832 1262 3882 436
1274 3852 1280 3882 ι
1296 3834 1362 3883 ἅπαν
1374 3842 1402 3885 τὸ
1415 3839 1473 3884 κατὰ

381 3917 425 3975 ρῶ,
437 3916 463 3958 τὸ
475 3919 603 3976 κακουργῶ·
617 3916 741 3976 σκαιωρία,
751 3915 765 3965 ἡ
777 3917 914 3978 κακουργία.
943 3918 982 3960 τὸν
1000 3913 1074 3961 ἀθῶον
1093 3916 1141 3962 θῶα
1154 3917 1304 3980 σκαιώρημα.
1320 3911 1351 3962 Et
1364 3927 1390 3978 p.
1411 3913 1471 3961 11⁰:

382 3987 463 4037 Malim
475 4003 528 4036 esse
539 4004 609 4037 usum
621 3988 694 4037 verbo
705 3999 836 4056 σκευωρεῒν,
849 3988 914 4054 quod
943 3996 1012 4040 τοῦτο
1027 3998 1225 4057 σκαιωρήσαντες.

382 4066 407 4114 in
416 4082 460 4116 suo
468 4066 726 4132 Demosthenesaepius
735 4068 834 4132 legerat.
843 4067 916 4117 Liba·
977 4067 984 4093 ¹
998 4068 1095 4119 Sch01.:
1108 4073 1264 4126 κατάστασις.

383 4145 447 4205 nius,
458 4155 476 4195 t.
488 4145 528 4205 IV,
539 4162 564 4210 p.
577 4147 624 4194 583
636 4167 642 4196 τ
654 4153 680 4197 τὸ
691 4149 714 4196 δὲ
724 4155 771 4197 πᾶν
781 4157 820 4204 τῆς
830 4166 916 4199 σκευω-
977 4144 986 4170 ²
1000 4153 1045 4195 Καὶ
1058 4146 1120 4208 λίαν]
1131 4146 1221 4196 viden.
1232 4147 1257 4207 4,
1267 4163 1293 4210 p.
1305 4148 1349 4194 188
1363 4169 1369 4204 ;
1382 4147 1472 4206 211,1.

383 4231 437 4290 ρίας
452 4234 485 4290 τῷ
497 4232 586 4293 νυμρίῳ
600 4231 722 4294 τροςάψει·
736 4226 829 4287 codex,
841 4228 916 4285 3017,
977 4222 987 4248 ³
1001 4223 1098 4283 Codex,
1112 4225 1212 4274 δείκνυσί
1227 4244 1300 4282 τινας.
1319 4224 1412 4290 Scripsi
1425 4225 1473 4274 θει-

384 4309 524 4367 σκσιιωρίας,
542 4319 589 4352 non
602 4304 783 4367 preferendum,
798 4304 822 4353 ni
836 4304 917 4353 fallor.
944 4309 1008 4351 κνῦσί
1019 4323 1042 4352 τ.

384 4378 489 4443 Symeon
501 4379 568 4429 Sethi
585 4382 679 4431 lchnel.
691 4399 716 4448 p.
730 4383 761 4431 86
772 4402 779 4431 ε
791 4388 917 4449 σκαιωρίαν
978 4377 1041 4449 *Ἆρ’
1055 4379 1144 4447 ἑστίας]
1160 4382 1216 4432 vide
1230 4397 1256 4448 p.
1272 4383 1335 4443 172,
1349 4397 1375 4431 n.
1393 4386 1412 4431 1.

383 4462 446 4507 κατὰ
456 4463 496 4507 σοῦ
505 4462 616 4518 τοιαύτην
626 4461 754 4529 συρράψαι.
766 4459 842 4520 Quem
855 4474 917 4507 con·
979 4460 988 4484 ³
1004 4459 1044 4509 Sic
1058 4459 1147 4509 codex.
