3684 5659
805 605 965 668 υπηππιι
991 594 1042 669 ς’.
1400 608 1461 676 ιιι

374 741 489 808 λοιπόν
509 741 602 827 νόμος
618 741 742 815 ἀπηνεῖς
763 741 815 804 καὶ
839 739 922 804 κατά
941 744 996 804 σοῦ
1020 742 1104 811 θήσει
1122 741 1193 817 τοὺς
1214 743 1386 834 κρίνοντας,
1406 744 1468 810 ἐπεὶ

373 853 425 917 καί
443 852 513 918 τότε
525 853 651 926 ἀπηνεῖς
666 849 748 922 ἐτίθη
759 849 829 926 τοὺς
841 845 1048 941 δωρουμένους
1060 853 1142 916 κατά
1155 851 1278 918 πολίτου
1294 850 1388 941 μηδὲν
1400 851 1470 920 ἀδι-

373 967 512 1038 κοῦντος.
532 961 577 1027 Οὐ
593 960 684 1052 λόγος
701 963 783 1050 ήμοῖς
801 957 930 1052 παράξει
952 964 1004 1026 καί
1027 965 1210 1052 παραπείσει
1228 963 1303 1029 άλλο
1317 989 1345 1029 τι
1362 968 1470 1057 κρίνειν

372 1072 391 1144 ἢ
409 1074 452 1149 ὡς
473 1073 489 1138 ό
511 1073 602 1162 νόμος
621 1066 844 1140 διακελεύεται.
864 1075 1000 1165 Δάκρυσι
1017 1073 1256 1163 προςκαλοῦνται
1272 1076 1324 1141 τὸν
1342 1075 1423 1141 ἔλεον
1440 1078 1468 1143 οἱ

371 1182 512 1275 λέγοντες
528 1180 602 1274 ὑπὲρ
622 1187 699 1265 σοῦ,
719 1177 851 1274 δάκρυσι
863 1181 1105 1274 προςκοιλοῡνται
1122 1184 1172 1248 τὸν
1186 1185 1268 1250 έλεον
1279 1187 1333 1251 καῖ
1352 1187 1379 1250 οἱ
1395 1185 1467 1278 ὑπὲρ

371 1292 499 1361 πολίτου
517 1292 668 1385 λέγοντες.
687 1270 714 1356 fi
734 1294 782 1358 σοὶ
806 1292 859 1380 μέν
880 1296 955 1358 εἰσιν
976 1296 1082 1358 οἰκεῖοι
1102 1295 1153 1357 καὶ
1176 1306 1347 1386 συγγενεῖς,
1366 1295 1468 1382 ἐκείνῳ

373 1400 409 1469 δὲ
427 1406 482 1469 καί
501 1403 714 1474 τελευτήσαντι
731 1402 787 1468 οὐκ
804 1404 881 1483 είσί;
901 1402 1037 1493 Πορεόσιρ
1059 1404 1112 1468 καὶ
1135 1402 1173 1467 σὺ
1190 1405 1266 1494 πρός
1281 1404 1351 1480 τοὺς
1368 1408 1465 1470 κάτω·

372 1512 474 1580 ἐκεῖνο
490 1515 544 1603 πίῃ
559 1511 631 1604 όπερ
648 1508 830 1605 ἐκέρασαςί.
846 1489 922 1576 βστι
943 1513 996 1576 καί
1016 1515 1100 1578 κάτω
1117 1520 1176 1578 τῶν
1192 1513 1381 1579 ἀπελθόντων
1392 1538 1467 1579 σνν-

373 1626 507 1716 αγωγή,
529 1625 586 1690 εἰσί
601 1625 655 1690 καί
676 1618 822 1689 δικασταί
839 1631 965 1715 νεκρῶν,
987 1623 1027 1698 ὡς
1039 1623 1202 1711 ἀκούομεν.
1218 1605 1335 1690 Ιέκεῖνοι
1352 1632 1471 1716 κρινοῦ-

373 1758 423 1800 σιν
439 1734 491 1800 άτ’
511 1733 624 1811 ἐκεῖνος
640 1737 752 1818 πάθοι,
772 1734 825 1799 καί
843 1732 865 1798 ἀ
881 1732 919 1798 σό
937 1723 967 1824 γ’
991 1733 1083 1811 ἁλοὺς
1101 1733 1232 1823 ὑπόσχες
1245 1738 1335 1828 χάριν
1355 1744 1409 1812 τῖις
1427 1740 1469 1814 εἰς

372 1845 488 1912 ἐκεῖνον
505 1842 633 1937 ὔόρεως.
652 1845 716 1910 Κάν
732 1846 817 1932 ἡμῖν
830 1843 938 1909 ἐκεῖνοι
960 1843 1116 1935 σύμψηφοι
1136 1845 1299 1937 γένωνται,
1320 1849 1400 1935 ἔχεις
1416 1848 1469 1918 τήν

374 1951 465 2029 δίκην
492 1953 632 2023 δικαίαν.
662 1957 722 2020 Καὶ
749 1962 809 2020 τῶν
835 1953 897 2019 ἐκεῖ
923 1951 1068 2039 βασάνων
1095 1961 1171 2031 ἴσως
1196 1952 1393 2048 έξαιρεθήση,
1415 1958 1468 2022 καί

373 2066 467 2133 πάλιν
485 2068 574 2155 ήμεῖς
589 2064 745 2159 εὐεργέται
763 2087 819 2131 σου
836 2067 888 2130 καί
907 2064 1141 2142 τελευτήσαντος
1159 2067 1361 2157 γενησόμεθα.
1381 2069 1417 2131 Εἰ
1435 2063 1470 2133 δέ

374 2166 491 2270 βαρεῖα
514 2173 595 2255 δόξει
617 2177 670 2242 καί
696 2176 799 2268 πόρρω
822 2180 875 2240 τοῦ
900 2175 1080 2268 πρέποντος,
1100 2168 1167 2242 ἀλλ’
1189 2176 1303 2243 έσεῖται
1325 2179 1377 2243 καί
1398 2180 1470 2265 ήμῖν

375 2288 530 2380 ἀπολογία
539 2290 618 2354 πάνυ
632 2282 741 2353 δικαία
753 2287 806 2352 καί
821 2286 993 2379 πρέπουσα,
1007 2277 1080 2378 παρ’
1093 2285 1215 2363 ε’κείνοις
1227 2285 1281 2374 μὲν
1295 2294 1369 2364 ἴσως
1382 2291 1425 2363 εἰς
1436 2291 1469 2355 τό

375 2395 462 2483 ἑξῆς,
480 2399 567 2492 παρά
583 2393 618 2464 δὲ
629 2407 693 2474 τοῖς
710 2401 804 2473 ζῶσιν
820 2400 963 2490 ἔγκαιρος
985 2396 1018 2462 ἐκ
1036 2402 1090 2461 τοῖν
1107 2405 1313 2489 παραχρῆμα.

424 2488 608 2595 βκοόσαμεν
641 2510 785 2587 ἀπηνεῖς,
812 2511 868 2572 σοῦ
899 2503 1084 2594 βιαζομένου
1109 2507 1162 2571 καί
1189 2509 1392 2584 ἀπαιτοῦντος
1417 2510 1470 2581 τήν

377 2613 506 2713 δωρεάν·
526 2618 700 2707 ήκοόσαμεν
714 2616 911 2709 ἀσπλαγχνοι
929 2618 1002 2708 πρὸς
1013 2616 1153 2710 ήμέτερον
1171 2613 1299 2708 ἀδελφόν
1313 2618 1365 2684 καί
1379 2619 1471 2685 πολί-

375 2748 442 2803 την·
462 2731 714 2822 κατεγνώσθημεν
730 2723 852 2804 ἄδικοι,
873 2723 1043 2819 προδόται,
1062 2724 1114 2793 διὰ
1130 2736 1205 2816 μιοῖς
1219 2731 1272 2794 καί
1291 2734 1345 2794 τοῦ
1362 2733 1471 2820 τυχόν-

375 2865 427 2918 τος
444 2836 612 2927 ἐκδόσεως,
627 2842 728 2917 πάσης
744 2838 878 2924 πόλεως,
895 2840 948 2904 καί
968 2834 1060 2915 δόξαν
1078 2843 1209 2928 ἔσχομεν
1226 2840 1311 2933 παρά
1324 2849 1401 2906 πᾶσι
1418 2843 1470 2912 τήν

376 2953 448 3040 ἡμῖν
467 2950 502 3017 οὔ
517 2951 703 3044 πρέπουσαν.
724 2929 790 3022 ίῖδη
812 2949 942 3042 καιρός,
958 2946 1084 3044 ἄνδρες,
1104 2952 1157 3021 τήν
1174 2950 1312 3016 ἐναντίαν
1330 2960 1384 3028 τής
1400 2978 1471 3046 προ-

376 3061 466 3156 τέρας
482 3062 599 3148 λαθεῖν,
616 3064 668 3128 καῖ
688 3058 785 3139 δεῖξαι
805 3062 846 3138 ὡς
865 3051 953 3127 πάντ’
969 3061 1007 3125 ἀν
1026 3061 1045 3132 {a
1064 3062 1152 3149 νόμον
1168 3058 1347 3154 παρίδοιμεν
1364 3065 1470 3151 κείμε«

376 3197 450 3239 νον..
474 3171 551 3266 Παρ’
573 3174 611 3246 ήυ
635 3174 738 3238 αἰτίαν
762 3173 979 3265 καὶπρότερον
1003 3167 1145 3248 δόξαντες
1167 3174 1291 3250 ἀπηνεῖς
1311 3176 1363 3239 καὶ
1389 3177 1471 3240 κατὰ

375 3283 519 3368 πολίτου,
536 3289 587 3349 νῦν
602 3285 655 3349 καί
672 3282 763 3349 πάλιν
780 3280 853 3374 ὑπὲρ
872 3281 983 3367 αὐτοῦ,
1002 3284 1094 3371 νόμου
1112 3283 1303 3368 κελεύοντος,
1324 3283 1470 3373 ἐφάνημεν

376 3397 516 3472 ἀπηνεῖς.
531 3397 609 3480 Καί,
626 3393 722 3487 ὥςπερ
738 3395 805 3461 τότε
819 3393 911 3483 εὐχή
928 3399 981 3459 τοῦ
993 3394 1117 3460 πολίτου
1136 3395 1328 3485 χρηστότης,
1350 3398 1375 3459 εἰ
1388 3420 1471 3486 χρη-

377 3506 448 3582 στὸς
463 3501 514 3591 ήν,
532 3504 568 3572 οὐ
585 3504 619 3570 τό
632 3503 751 3597 μέτριον
764 3505 838 3597 πρὸς
851 3505 942 3592 νόμον
954 3507 1088 3592 κείμενον
1102 3511 1226 3593 ἴσχυσε,
1241 3510 1294 3569 τοῖν
1309 3506 1350 3593 μή
1364 3509 1471 3572 παθεῖν

377 3615 490 3686 ἐκεῖνον
513 3615 530 3683 ό
552 3612 591 3689 δή
608 3616 651 3704 τῷ
668 3619 800 3682 αἰτοῦντι
824 3612 860 3688 ήν
881 3612 1075 3704 βουλομένῳ,
1101 3612 1195 3693 οὕτως
1219 3612 1290 3682 οὐδὲ
1311 3618 1352 3682 τά
1375 3622 1426 3682 νῦν
1451 3621 1470 3691 ή

377 3726 471 3819 ἀρετή
485 3725 593 3792 τούτου
609 3734 664 3803 τῆς
677 3728 852 3820 ἀριστείας,
869 3728 894 3791 εί
906 3727 959 3791 καί
978 3726 1070 3813 μόνου
1085 3721 1122 3797 ήν
1136 3722 1213 3799 αὕτη
1231 3728 1283 3792 καὶ
1303 3727 1345 3815 μή
1363 3729 1468 3794 ἁπάν-

376 3860 436 3902 των
456 3845 517 3904 τῶν
538 3837 680 3922 πολιτῶν,
699 3837 773 3929 πρὸς
790 3837 879 3925 νόμον
899 3835 1020 3925 ἰσχύσει
1039 3839 1173 3925 κείμενον
1194 3840 1327 3929 ρονικόν,
1351 3844 1404 3905 τοῦ
1427 3841 1468 3928 μή

376 3949 485 4021 παθεῖν
501 3953 619 4034 τοῦτον,
639 3947 654 4013 θ
673 3944 712 4019 δή
733 3947 791 4036 οὐχ
808 3945 912 4035 ὑμεῖς,
932 3945 999 4012 ἀλλ’
1018 3946 1129 4025 ἐκεῖνος
1145 3948 1375 4040 προηγουμένως
1391 3945 1470 4033 βοό-

376 4057 476 4124 λεται·’.
494 4060 553 4124 Καὶ
574 4055 669 4135 οίιτως
685 4053 917 4130 ἐκδικηθήσεται
937 4055 991 4145 μὲν
1007 4060 1060 4123 καὶ
1082 4059 1097 4123 ό
1118 4060 1224 4150 φόνος,
1247 4058 1471 4130 κολασθήσεται

377 4348 454 4411 παρά·
463 4341 503 4393 vol
511 4342 617 4409 repetito
625 4351 651 4394 τί
662 4349 724 4407 γοῦν·
733 4363 755 4393 κ.
763 4350 790 4394 τί
801 4363 825 4407 γ.
835 4349 911 4411 παρά.
939 4343 962 4391 ἐν
974 4352 1007 4409 τῷ
1017 4348 1122 4410 ποτηρίῳ
1134 4344 1153 4409 ᾧ
1165 4343 1274 4410 ὶκῖρασε,
1288 4347 1402 4413 κεράσατε
1413 4342 1474 4414 αίιτη

411 4419 574 4473 ‘flaminiae
587 4420 683 4473 videtur
703 4420 803 4486 Αροονῖ.
824 4423 867 4481 18,
880 4425 910 4475 θι
940 4423 1042 4472 διπλοῦν.
