3684 5659
373 627 446 698 222
708 637 743 694 Γ.
771 635 845 696 ΤΟΥ
870 631 1126 695 ΠΑΧΥΜΕΡΟΥΣ

370 776 429 833 τῶν
452 765 524 831 νέων
546 765 657 831 ἐκεῖνον
681 769 756 859 ὁρῶν
781 767 835 833 οὐκ
857 768 1021 846 ἐζήλωσεν;
1040 771 1085 844 τίς
1105 767 1159 833 οὐκ
1180 767 1373 856 ἐμιμήσατο,
1395 771 1466 856 καί,

372 874 489 961 βλέπων
507 877 550 964 μή
568 876 768 963 κολαζόμενον
786 877 820 941 τό
837 875 961 960 κακόνθ,
981 876 1035 942 οὐκ
1050 876 1135 954 εὐθὺς
1151 878 1188 942 ἂν
1203 880 1344 955 κάκεῖνος
1360 876 1468 956 ἐξώλης

374 987 506 1078 ἐγένετο;
525 968 551 1050 (λ
568 993 640 1077 γοῦν
659 987 769 1053 ἐκεῖνον
784 984 919 1054 ἐκποδὼν
936 992 1153 1076 ποιησάμενος,
1176 989 1210 1055 οὐ
1226 989 1343 1078 μᾶλλον
1361 990 1468 1056 ἐκεῖνον

374 1097 532 1181 ἐκόλασεν,
555 1097 574 1168 ἢ
592 1106 694 1163 πᾶσαν
712 1099 836 1170 νεότητα
853 1098 1063 1190 ἐσωφρόνισεν.

423 1206 500 1273 Rari*
516 1209 549 1273 τό
564 1218 693 1300 πρᾶγμα
711 1210 751 1296 μὴ
770 1209 837 1300 λέγε
855 1211 941 1301 φόνον
957 1212 1009 1274 καί
1029 1213 1170 1295 θάνατον,
1190 1210 1259 1276 ἀλλ’
1278 1211 1465 1302 εὐεργεσίαν,

374 1317 454 1383 άλλόι
476 1322 567 1393 ζωήν.
590 1318 666 1410 Λέγε
684 1320 737 1389 τὴν
756 1321 891 1385 ἀσωτίαν
908 1321 994 1411 ρόνον
1012 1318 1154 1409 ἐτύμωςθ,
1175 1320 1243 1412 λέγε
1261 1323 1315 1393 τὴν
1331 1325 1468 1414 πορνείαν

376 1431 521 1493 θάνατον·
543 1423 640 1492 οὐθενί
658 1430 719 1521 γάρ
740 1429 822 1517 άλλῳ
842 1429 927 1517 ψυχὴ
952 1431 1120 1520 φθείρεται,
1144 1431 1163 1501 ἢ
1186 1427 1331 1522 πράξεσιν
1353 1431 1389 1497 οὐ
1411 1458 1469 1497 κα-

376 1535 473 1616 λαῖςθ.
500 1518 576 1605 ὅθεν
602 1539 636 1604 οὐ
660 1549 749 1628 σῶμα
772 1541 860 1628 μόνον
883 1544 947 1628 ἔχει
970 1540 1020 1605 τὸν
1042 1539 1257 1632 ίατρεύσοντα,
1277 1541 1358 1606 άλλά
1373 1540 1470 1628 πολλῷ

377 1651 464 1718 πλέον
481 1651 580 1739 ψυχή.
599 1653 658 1716 Καὶ
677 1651 771 1743 ὥςπερ
789 1651 835 1716 ἐπὶ
854 1659 912 1716 τῶν
930 1659 1112 1738 σωματικῶν
1128 1655 1233 1717 παθῶν
1251 1654 1303 1717 καὶ
1322 1660 1382 1717 τῶν
1400 1649 1470 1718 ὑπο·

377 1760 518 1849 κειμένων
536 1761 653 1837 τούτοις
674 1762 784 1849 μελῶν,
805 1761 820 1826 θ
838 1760 891 1848 μὲν
906 1765 1012 1826 νοσοῦν
1031 1763 1191 1852 θεραπείαν
1207 1764 1382 1854 προςίεται,
1404 1761 1471 1827 ε’πι-

377 1871 517 1958 μελητέον
537 1871 643 1936 τούτου
665 1881 708 1959 τῷ
730 1875 841 1961 ἰατρῷ,
861 1871 876 1935 θ
894 1867 927 1936 όὲ
945 1872 1067 1935 άνίατον
1085 1871 1164 1959 με’νει
1183 1874 1236 1937 καὶ
1255 1874 1468 1963 ἀθεράπευτον,

376 1990 546 2072 καυστῆρσι
563 1983 615 2045 καί
628 1978 912 2073 τομαῖςθιχρηστέον
925 1981 998 2070 πρός
1013 1983 1167 2052 άποκοπην
1178 1986 1232 2048 τοῦ
1243 1984 1377 2058 ἀνιάτως
1391 1985 1472 2069 ἔχον·

377 2113 445 2176 τος,
467 2093 507 2177 μή
525 2115 589 2165 πως
605 2092 702 2183 παρόν
719 2094 771 2156 καί
789 2100 851 2166 τοῖς
869 2089 1016 2182 σύνεγγυς
1032 2100 1090 2156 τῶν
1110 2092 1206 2179 μελῶν
1223 2088 1406 2180 μεταδιδοίη
1423 2101 1473 2167 τῆς

377 2195 504 2286 λύμηςῦ·
534 2197 628 2276 οὕτως
654 2204 718 2289 ἔχει
744 2203 796 2266 καὶ
824 2200 949 2266 ἐπὶτῶν
971 2201 1111 2289 ψυχικῶν
1135 2205 1254 2268 παθῶν.
1278 2209 1395 2292 Ψυχῆς
1416 2204 1471 2294 γάρ

377 2310 543 2389 νοσούσης,
569 2312 609 2387 ὡς
629 2311 709 2403 λέγει
731 2335 776 2387 τις
795 2320 853 2376 τῶν
874 2309 1003 2404 σοφώνῗ,
1028 2315 1103 2377 εἰσὶν
1124 2316 1221 2405 ιάτροὶ
1242 2314 1342 2404 λόγοι.
1367 2316 1405 2377 Εἰ
1424 2310 1475 2400 μὲν

378 2423 477 2486 τοίνυν
495 2422 642 2498 πολλάκις
660 2422 748 2487 εἰπὼν
762 2422 814 2486 καὶ
829 2425 1011 2499 νουθετήσας
1026 2426 1167 2510 ἔπεισας,
1186 2421 1312 2513 δέχεται
1329 2425 1363 2489 τό
1380 2425 1477 2498 πάθος

415 2727 422 2752 ¹
434 2726 556 2789 Fortasse,
566 2735 606 2778 τοι
617 2731 695 2778 κακόν.
709 2726 758 2778 Sed
769 2725 801 2774 cf.
815 2741 841 2789 p.
854 2726 912 2782 217,
941 2725 1007 2789 quod
1018 2725 1128 2792 agnoscit
1139 2736 1164 2775 ει
1174 2725 1275 2775 Cosmas
1287 2724 1380 2776 sseidem
1391 2745 1398 2775 ι
1411 2728 1477 2795 yric-

382 2805 411 2864 33
426 2806 485 2864 219,
501 2806 539 2854 15.
942 2811 980 2852 κόν
993 2807 1086 2866 κλάζει,
1099 2811 1127 2855 τὸ
1141 2809 1197 2862 θῆλυ
1212 2811 1269 2873 πρὸς
1282 2805 1362 2872 ἔρωτα
1373 2824 1476 2874 προτρο-

414 2880 599 2948 ’8ελιολιόρος
614 2887 700 2951 βίαιος.
876 2891 879 2898 “
942 2887 1049 2945 πόμενος.

415 2959 532 3019 ³Godex,
548 2964 654 3023 ἑτοίμως.
677 2960 825 3008 Permutatio
843 2958 914 3008 solita
976 2959 1078 3010 ‘Oratio
1087 2960 1218 3010 christiana
1227 2961 1304 3024 magis
1313 2976 1386 3025 quam
1394 2959 1426 3010 ab
1435 2961 1476 3010 Ar-

382 3037 501 3087 vocalium
514 3058 526 3086 υ
538 3058 560 3088 οι
570 3054 651 3087 veram
665 3037 810 3102 scripturam
825 3038 914 3101 ἐτύμως
943 3038 991 3088 tice
1003 3049 1133 3103 personato
1146 3039 1311 3102 exspectanda
1322 3039 1376 3088 fuit.
1393 3039 1477 3088 Testa-

381 3115 540 3166 monstrabet.
571 3116 700 3180 Gregorius
730 3114 790 3162 Nez.
818 3125 836 3163 t.
871 3115 913 3176 ΙΙ,
942 3126 1049 3166 mentum
1063 3115 1475 3182 Ruben‚§4.Grabianoep.149=

382 3212 407 3260 p.
425 3196 469 3242 148
484 3212 490 3243 z
505 3201 561 3263 ρασλ
576 3202 626 3245 ταὼ
635 3197 793 3258 μεγάλαυχον,
804 3193 860 3249 ἐπην
872 3213 915 3242 πε·
942 3196 1034 3262 ὄλεθρος
1043 3203 1089 3264 γὰρ
1102 3203 1175 3261 ψυχῆς
1185 3198 1248 3244 ἐστιν
1263 3200 1394 3263 ἡπορνεία.
1408 3194 1477 3244 Basi-

381 3278 487 3340 ρίκυκλον
501 3276 578 3342 ἐγείρῃ
593 3273 681 3336 Ᾱῦχένοι
690 3279 808 3339 κνρτώσοις
818 3274 914 3338 χρύσεον
942 3275 989 3322 lius
999 3273 1031 3322 Μ.
1044 3275 1068 3321 in
1081 3273 1208 3337 Georgidae
1222 3272 1435 3337 Gnomologio,p.
1446 3273 1475 3320 2:

384 3353 514 3419 ἀστερόεις,
534 3355 634 3414 Κλάζειν
652 3354 800 3419 θηλυτέραις,
817 3354 915 3418 φιλοτή-
942 3356 1017 3419 ἀρετὴ
1028 3357 1093 3415 λόγον
1101 3353 1178 3415 ὑγείας
1188 3353 1277 3415 ἐπέχει·
1288 3358 1360 3400 κακία
1372 3353 1398 3401 δὲ
1407 3358 1478 3416 ψυχῆς

382 3450 437 3487 σιος.
455 3431 493 3480 Ad
504 3448 557 3496 quae
569 3431 669 3480 cosmas
683 3449 689 3478 ι
702 3437 759 3498 πρὸς
772 3434 815 3486 τὰς
826 3432 916 3477 καλλω-
945 3433 1075 3500 ἀρρωστία.
1088 3431 1189 3494 Codex,
1205 3432 1304 3494 ὑγιείας.
1320 3430 1357 3480 lbi
1378 3430 1477 3496 apposui

382 3515 508 3573 κτιζομένας
526 3519 648 3572 γυναῖκας,
666 3515 720 3566 ἥτυι
735 3513 916 3573 ψιμυθιζσμένας
944 3509 1048 3568 similia,
1063 3525 1088 3573 p.
1104 3509 1145 3558 57.

384 3596 423 3639 καὶ
438 3595 630 3657 ροικαριζομένας
650 3595 675 3638 τὸ
690 3599 735 3638 τῶν
753 3597 816 3638 ταῶν
833 3593 917 3654 παρά·
979 3587 1133 3656 ΒΙὶοιυοτῆρσι
1147 3594 1187 3636 καί
1198 3585 1293 3652 τομαῖς]
1309 3585 1366 3635 vide
1378 3602 1404 3652 p.
1424 3587 1477 3641 156.

385 3669 470 3730 δειγμοι
482 3672 618 3735 παρειςοίγει
630 3671 798 3734 Γρηγόριος....
811 3671 858 3714 Τοῦ
870 3672 916 3731 γὰρ
944 3682 968 3714 n.
982 3669 1006 3715 ἵ.

384 3752 478 3814 ρυσικοίι
491 3749 585 3802 κάλλους
598 3747 737 3812 ἀμοιροῦσαι
748 3749 865 3808 ψιμυθίοις
876 3748 916 3791 καὶ
978 3743 988 3770 ⁶
1004 3743 1073 3792 Conf.
1085 3743 1210 3794 Ciceronis
1224 3744 1293 3792 locus
1304 3759 1329 3808 p.
1345 3744 1395 3803 65,
1410 3759 1435 3792 n.
1448 3743 1476 3798 4,

384 3831 512 3892 ροικαρίοις
533 3831 572 3872 καί
594 3831 712 3890 τρίμμαοι
740 3829 916 3890 ζωγραροῦνται
946 3822 976 3871 de
989 3822 1096 3872 secando
1108 3822 1226 3883 membro,
1241 3822 1307 3888 quod
1319 3822 1417 3888 reliquo
1431 3837 1477 3871 no-

383 3907 553 3972 χρωννθμιναι.
566 3901 664 3967 Syllaba
678 3921 716 3970 ροι
730 3899 860 3950 scribenda
873 3900 918 3949 fuit
945 3911 999 3950 ceat
1013 3901 1120 3965 corpori.

384 4002 423 4050 ρο.
439 3981 590 4032 Herodianus
609 3981 690 4045 Epim.
707 3996 733 4044 p.
758 3980 803 4028 146
817 3998 823 4027 ε
836 3982 916 4047 ρίνκος,
979 3978 1128 4044 'AEschylus
1141 3979 1223 4027 Prom.
1237 3979 1299 4038 386,
1311 3983 1387 4043 ψυχῆς
1397 3980 1478 4029 νοσοί-

385 4063 916 4130 τὸρυκάριον·ρυκίζεσθοιι,τὸρυκαρίζεσθοιι.
946 4079 986 4115 σης
1008 4060 1066 4106 εἰσὶν
1092 4061 1170 4123 ἰατροί
1193 4060 1267 4119 λόγοι·
1289 4070 1345 4105 cum
1364 4056 1479 4106 varietate

385 4140 415 4188 Et
427 4140 451 4188 in
464 4141 542 4205 primo
553 4138 663 4203 Gregorii
675 4154 748 4187 versu
760 4143 813 4206 περὶ
828 4158 850 4186 κ.
861 4153 918 4186 rne-
946 4138 1039 4203 όργῆςο
1054 4134 1134 4184 multis
1146 4134 1232 4182 electa.
1244 4133 1378 4183 Sententiae
1392 4134 1480 4198 Singu-

384 4215 426 4266 lim
441 4217 536 4266 divisim
550 4218 632 4282 legere
643 4234 697 4269 cum
712 4215 741 4266 G.
756 4215 881 4266 Dindvriio
892 4232 916 4263 v.
946 4216 1024 4275 lares,
1037 4215 1101 4262 300:
1115 4219 1188 4277 ψυχῆς
1202 4215 1371 4269 vocabamini
1385 4219 1479 4281 ράρμα-

385 4293 574 4360 «1.,οοχροωω
590 4296 631 4344 fiet
649 4296 752 4345 nominis
770 4293 919 4356 κὺκλονερί·
946 4312 983 4341 κον
1011 4297 1086 4357 λόγος.
1111 4291 1173 4340 Vide
1201 4290 1330 4356 Wyttenb.
1355 4291 1387 4340 ad
1418 4291 1478 4340 Plu&

385 4370 496 4429 thetum5
522 4382 572 4421 tum
598 4389 628 4420 ex
656 4374 780 4438 spicilegio
807 4372 917 4430 Μοίιιιιο,
947 4370 1020 4419 Cous.
1033 4371 1065 4419 ad
1082 4370 1163 4436 Apoll.
1181 4386 1206 4435 p.
1231 4372 1275 4419 102
1294 4369 1428 4430 ΒςΒιιτῑίι.
1450 4367 1478 4417 ad

387 4459 404 4495 ι.
422 4448 457 4506 ΙΙ,
476 4465 501 4513 p.
523 4450 569 4498 356
588 4451 757 4515 recipiendum
776 4454 915 4517 φιλοτήσιον,
947 4448 1072 4498 AEn.Gaz.
1085 4465 1111 4513 p.
1125 4449 1182 4497 220.
