3684 5659
765 618 829 680 ΚΑΙ
857 618 1076 680 ΦΙΛΑΓΡΙΟΣ.
1395 615 1465 684 287

377 735 417 828 ίλς
443 750 476 818 δὲ
503 758 617 843 ἔφασαν
645 756 672 817 οἱ
699 761 882 844 στρατιῶται
908 752 970 836 ὅτι,
998 750 1039 816 εἶ’
1064 753 1231 838 ἐσιώπησε,
1254 755 1406 846 παρῆλθον
1431 759 1468 821 ἂν

377 863 481 939 αὐτόν,
510 864 525 927 ὁ
550 862 579 927 ἐν
607 873 648 950 τῷ
672 864 829 951 καλαμώνι
847 861 1046 953 κρυύύμενος,
1067 889 1081 918 ι(
1101 863 1217 928 Οὐκοῦν
1236 893 1249 922 ν
1269 861 1360 948 εἶπεν,
1383 891 1396 919 ιι
1416 866 1467 954 ἐμὲ

375 971 571 1065 παρέλθετθ·
593 983 697 1039 σιωπῶ
713 979 773 1066 χοίρ
789 1000 816 1035 ν.

426 1156 483 1250 ἑξ.
507 1161 744 1254 Σχολαστικόςδ,
765 1166 907 1256 χνναιιιὸς
928 1164 1020 1230 αύτού
1039 1167 1264 1248 ἀποθανούσης,
1284 1168 1372 1259 σορὸν
1388 1172 1466 1261 ἦχό-

376 1280 468 1364 ραζε,
489 1276 620 1366 καὶπερὶ
638 1282 690 1349 τῆς
706 1282 794 1361 τιμῆς
811 1273 1010 1365 ε’ζνχομοίχει.
1030 1281 1088 1340 Τοῦ
1106 1272 1140 1340 δὲ
1154 1277 1321 1354 πωλοῦντος
1337 1280 1469 1365 ὀμόσαν-

376 1411 426 1461 τος
446 1386 488 1473 μὴ
507 1387 630 1451 ἔλαττον
647 1385 731 1451 πέντε
750 1381 904 1475 μυριάδων
925 1386 1088 1470 πωλήσειν,
1108 1388 1123 1450 ὁ
1143 1383 1177 1451 δὲ
1195 1414 1209 1444 «
1227 1369 1342 1461 Μπειδή
1360 1415 1376 1447 ν
1393 1394 1464 1481 ἔρη,

376 1522 392 1556 ι(
407 1496 605 1588 προςείληψαι
621 1506 663 1584 τῷ
681 1496 777 1588 ὅρκῳ,
797 1495 871 1560 λοί6ε
889 1494 942 1583 μὲν
957 1499 1013 1572 τὰς
1029 1497 1119 1562 πέντε.
1131 1495 1301 1590 μυριάδας,
1321 1503 1362 1576 εἰς
1378 1526 1469 1591 προς-

377 1611 469 1680 θήκην
493 1604 527 1673 δέ
548 1633 599 1694 μοι
623 1607 727 1698 μικρὸν
752 1603 884 1696 σορίδιον
909 1603 979 1690 δός,
1007 1609 1073 1692 ίνα,
1098 1607 1149 1673 εὀίν
1171 1635 1228 1695 μον
1245 1614 1335 1700 χρεία
1353 1607 1467 1698 παιδίῳ

375 1720 516 1810 χένηται,
537 1716 653 1806 ἕτοιμον
669 1725 687 1806 ᾖ
702 1743 730 1780 ν.

425 1901 483 1996 ζιί.
503 1905 718 2000 Σχολαστικῷ*
733 1910 851 2002 ἑταῖρος
866 1913 1057 1993 ἀπαντήσας,
1073 1935 1088 1968 ιι
1100 1914 1262 2004 Σνχχαίρω
1281 1936 1329 1976 σοι
1343 1936 1358 1970 ν
1372 1909 1464 1992 εἶπεν,

375 2047 390 2078 ιι
406 2021 450 2087 ὅτι
467 2045 516 2087 σοι
532 2017 654 2086 παιδίον
672 2021 810 2113 ε’χενννίδη
826 2046 854 2086 ν.
875 2004 900 2086 (λ
918 2019 951 2086 δὲ
968 2024 1165 2114 ἀπεκρίνατο·
1188 2051 1201 2076 ιι
1218 2028 1322 2088 Ταῦτα
1338 2022 1422 2111 ὑμεῖς
1440 2025 1466 2089 οἱ

374 2132 454 2218 φίλοι
471 2142 583 2198 ποιεῖτε
599 2159 629 2195 ν.

423 2313 480 2408 49'.
516 2321 715 2411 Σχολαστικῷ
751 2349 794 2398 τις
825 2323 921 2414 λέχει·
950 2326 1101 2414 «Χρῆσόν
1129 2350 1180 2412 μοι
1210 2317 1331 2415 βίρρονῦ
1359 2325 1465 2415 μέχρις

373 2435 470 2524 ἀγροῦ
489 2459 518 2496 ν.
542 2413 622 2497 (δ’δὲ
641 2433 768 2526 «Μέχρι
791 2439 903 2525 σρνρού
923 2459 937 2492 ν
959 2431 1038 2500 εἶπεν
1061 2438 1175 2524 «ἔχω’
1202 2435 1291 2526 μέχρι
1314 2431 1348 2499 δὲ
1369 2438 1465 2527 ᾀχροῦ

374 2542 429 2608 οὐκ
447 2547 509 2632 ἔχω
526 2570 553 2605 ν.

422 2725 460 2826 ρ’.
484 2732 708 2824 Σχολαστιιιὸς6
732 2734 779 2800 ἐπ’
803 2736 959 2824 ὀχήματος
979 2730 1101 2800 ὥδευεν.
1122 2715 1195 2799 Μπεί
1219 2730 1252 2800 δὲ
1274 2737 1464 2805 ἀτονήσασαι

345 2895 347 2903 .
373 2847 406 2911 αἱ
431 2847 547 2935 ἡμίονοι
571 2845 625 2912 ούκ
649 2843 795 2918 ἠδύναντο
821 2843 974 2931 βαδίζειν,
998 2844 1141 2911 ύπέλνσεν
1163 2844 1258 2921 αὐτὰς
1283 2846 1298 2910 ὁ
1322 2847 1463 2934 ἡνίοχος,

373 2957 422 3022 ἵνα
439 2957 543 3048 μικρὸν
561 2957 751 3023 αναλοίὸωσι.
771 2955 934 3023 Λνδεῖσαιῖ
949 2951 999 3023 σύν
1016 2960 1137 3047 ἔρνχον.
1157 2959 1216 3023 Καὶ
1232 2958 1247 3022 ὁ
1262 2957 1466 3046 σχολαστικὸς

372 3068 446 3158 πρὸς
461 3069 511 3133 τὸν
528 3070 649 3156 ἡνίοχον
667 3093 683 3124 ι(
700 3071 852 3159 Κάθαρμα
870 3094 904 3154 ν,
920 3066 1013 3152 εἶπεν,
1032 3093 1046 3123 (ι
1058 3068 1130 3159 ὁρᾷς
1144 3068 1189 3133 ὅτι
1208 3068 1240 3132 αἱ
1258 3070 1374 3154 Ιἡμίονοι
1393 3067 1462 3158 τρέ-

372 3202 482 3266 χουσι,
504 3175 588 3242 τὸδὲ
608 3181 711 3266 ὅχημοί
729 3178 808 3244 ἐστιν
826 3186 936 3263 αίτιον,
954 3180 987 3244 τὸ
1008 3175 1135 3270 δραμεῖν
1153 3180 1193 3266 μὴ
1213 3174 1376 3265 δυνοίμενον
1390 3203 1419 3243 ν.

421 3369 482 3470 ρα’.
499 3375 721 3466 Σχολαστιιιύς8
732 3375 878 3472 αδελρούς
891 3375 1037 3466 διδύμους
1049 3374 1133 3464 ἰδών,
1151 3382 1366 3467 Θαυμαζόντων
1379 3391 1466 3447 τινῶν

372 3493 424 3563 τὴν
442 3489 734 3578 ὁμοιότητα-αὐτῶν,
755 3515 771 3548 ι(
785 3489 854 3580 Ούχ
871 3483 956 3566 οὗτος
969 3516 985 3549 ν
1001 3493 1102 3580 φησίν,
1123 3515 1138 3549 (ι
1156 3489 1257 3578 ὅμοιός
1274 3490 1354 3557 ἐστιν
1372 3490 1465 3569 ούτως

373 3602 493 3691 ἐκείνῳ,
513 3602 553 3677 ὡς
570 3601 681 3677 ἐκεῖνος
697 3599 809 3690 τούτῳ9
826 3625 856 3664 ν.

407 3877 415 3902 ¹
427 3876 450 3926 Μ
461 3877 514 3927 εἰπε
526 3881 557 3928 ιῖ.
696 3931 701 3942 ,
933 3877 1033 3927 mutatio
1045 3877 1116 3928 solita
1128 3879 1261 3930 Μιιετειιιτιι
1274 3888 1290 3951 β
1301 3903 1334 3946 μ,
1346 3881 1464 3931 vocalium

406 3954 465 4016 ²M,
476 3961 488 4008 ὁ
501 3959 526 4007 δὲ
541 3959 563 4008 ἐν
576 3967 652 4025 τῷ...
670 3955 709 4007 οὒκ
726 3950 764 4005 οὖν
783 3953 845 4005 εἶπεν
864 3957 905 4021 ἐμὲ
934 3977 982 4016 ιν,
1003 3956 1100 4021 peperit
1115 3957 1230 4006 mendum
1249 3959 1378 4008 ridiculum
1393 3963 1465 4027 μύρον

373 4038 514 4101 παρίλθατε.
932 4049 977 4097 pro
991 4035 1082 4102 βίρρον.

407 4112 502 4162 ‘Abest
516 4112 547 4163 ab
560 4113 583 4160 M
595 4122 620 4162 et
632 4112 671 4172 P.,
684 4121 709 4161 ει
719 4111 823 4160 οιειειῑε.
966 4109 1030 4161 ΒΙῖει
1044 4112 1075 4159 82
1091 4112 1115 4160 in
1126 4111 1158 4161 M.
1175 4110 1250 4160 Abest
1263 4111 1314 4160 aP.
1324 4122 1349 4161 ει
1361 4114 1464 4164 caeten's.

407 4190 544 4240 ‘Abestab
557 4189 594 4251 Μ,
613 4189 696 4250 Pom„
713 4198 737 4237 et
748 4188 850 4238 caeteris.
866 4188 903 4238 cf.
931 4187 968 4237 cf.
982 4186 1066 4257 ςρκιί.

371 4270 388 4335 §
400 4267 458 4338 ρλζ’.
965 4267 973 4293 ²
984 4268 1021 4328 M,
1034 4270 1191 4317 ἀναλάύωσιν·
1202 4271 1309 4324 hortm.

407 4349 508 4418 “Βι’ρρος
528 4357 564 4397 εει
585 4347 685 4397 latinum
707 4365 717 4390 ι
732 4345 811 4395 birrus
823 4363 844 4394 ι.
865 4344 902 4404 Μ,
963 4345 973 4370 ⁸
985 4345 1060 4396 Abest
1072 4344 1103 4394 ab
1114 4345 1136 4394 Μ
1147 4355 1172 4395 et
1185 4345 1224 4405 P„
1237 4356 1261 4397 et
1272 4347 1374 4397 caeteris.

372 4432 523 4491 σχολαστικύς
539 4447 574 4482 τις
593 4431 615 4475 λ.
631 4447 671 4493 χρ.
689 4445 730 4488 μοι
744 4431 825 4491 μύρον.
841 4423 901 4473 Per·
964 4423 1021 4485 Ἀ,
1034 4433 1111 4475 τοῦτο,
