3684 5659
431 645 478 716 38
770 654 803 710 Γ.
830 651 904 712 ΤΟΥ
930 649 1184 711 ΠΑΧΥΜΕΡΟΥΣ

479 784 571 851 Ταῦτ’
586 785 688 876 ε’ρούσί
703 809 793 868 ποτε,
810 786 861 849 καί
880 783 950 859 τούς
966 780 1038 874 παρ’
1053 781 1172 858 ἑαυτοῖς
1187 781 1356 872 προθύμους
1372 784 1525 876 πληροφο-

431 906 504 987 ρεῖν,
526 899 566 974 ὡς
585 898 681 980 είκός,
702 895 849 981 θέλοντες,
865 903 980 986 πικρῶς
999 890 1165 970 αὐξήσουσι
1182 896 1222 958 τά
1238 893 1431 985 ἐγκλήματα.

479 1011 538 1074 Καί
563 1010 581 1078 ἡ
607 1005 659 1095 μὲν
682 1008 833 1099 πρόφασις
854 1006 967 1072 τούτων
992 1005 1025 1070 ἐκ
1049 1005 1155 1071 τούτου
1180 1011 1234 1071 τοῦ
1255 1002 1448 1094 φιλοπόλιδος
1471 1011 1523 1074 καί

431 1117 593 1210 χρηστούί.
609 1100 686 1207 Epo}
705 1116 738 1183 δὲ
755 1118 855 1210 εὐρεῖα
872 1117 925 1205 μὲν
942 1120 1031 1206 χοίνοι
1045 1118 1112 1182 τότε
1125 1113 1222 1204 χθὼν’
1236 1115 1290 1181 ούκ
1305 1123 1432 1204 είποιμι,
1449 1120 1527 1184 ἀνοι-

433 1231 619 1321 στρεφομένῳ
632 1233 751 1306 πάντως
763 1233 848 1321 παρά
858 1229 928 1305 τοὺς
939 1230 1096 1303 πλείονας·
1112 1228 1191 1294 ἀλλά
1205 1253 1238 1319 γε
1252 1224 1291 1298 δίο
1300 1227 1378 1299 λύπη
1388 1229 1442 1292 καί
1456 1227 1527 1319 σύγ

432 1364 522 1429 χυσις
538 1344 727 1433 προςγίνεται
740 1347 803 1426 νῦν,
819 1345 844 1406 εί
860 1336 932 1405 τάδ’
945 1339 1113 1404 ἀκούσεσθέ
1128 1363 1200 1404 ποτε
1214 1340 1304 1429 χάριν
1316 1338 1389 1426 ἐμοῦ
1406 1340 1459 1402 καί
1472 1347 1526 1415 τῆς

431 1453 474 1526 είς
494 1451 546 1539 ἐμὲ
562 1455 721 1544 παροινίας
737 1462 790 1530 τῆς
806 1451 964 1544 ὑμετέρας.
989 1450 1073 1516 Θέλω
1094 1454 1266 1543 στερεῖσθαι
1286 1453 1338 1515 καί
1358 1450 1454 1542 γέρως
1471 1454 1524 1516 καί

431 1570 485 1637 τῆς
506 1567 604 1647 ζωῆς,
624 1567 649 1628 εί
666 1548 754 1650 μόνον
774 1565 815 1651 μὴ
835 1561 921 1628 ταῦτ’
940 1562 1060 1628 ἀκούειν
1083 1562 1161 1649 ὑμεῖς
1181 1560 1254 1654 παρ’
1273 1561 1391 1626 ἐκείνων
1407 1561 1523 1650 συμθῇ.

432 1673 619 1763 Προύνοήθην
636 1683 688 1750 τῆς
702 1674 856 1765 παρούσης
870 1671 1008 1750 εὐδοξίας
1024 1672 1105 1760 ύμῖν,
1121 1679 1305 1765 προνοοῦμοιι
1321 1675 1373 1738 καί
1391 1682 1444 1748 τῆς
1459 1673 1527 1759 μελ-

432 1784 556 1860 λούσης.
580 1766 653 1850 Ᾰλλ’
676 1785 734 1877 ἐγὼ
756 1785 808 1873 μὲν
829 1791 947 1868 ταῦτα,
965 1788 1018 1850 καί
1042 1782 1136 1859 οὕτως
1158 1787 1235 1872 ἔχοι,
1254 1786 1289 1855 νὴ
1309 1785 1361 1854 τὴν
1381 1783 1526 1876 ὑμετέραν

432 1895 606 1984 καύχησιν·
630 1895 713 1984 ὑμεῖς
735 1893 768 1961 δὲ
793 1897 872 1962 ἀλλά
895 1905 1033 1961 σκοπεῖτε
1055 1899 1080 1960 εί
1103 1899 1145 1972 είς
1167 1895 1260 1960 καλὸν
1284 1899 1451 1967 ἀπαντήσει
1472 1898 1524 1960 καί

433 2002 524 2082 δόξαν
540 2006 574 2070 τὸ
591 2011 688 2071 ταῦτα
704 2016 813 2071 ποιεῖν.
1518 2004 1533 2035 ⁸

480 2097 581 2207 Ιίγώί,
604 2118 661 2182 κάν
680 2117 744 2204 ἐμοί
767 2119 839 2204 τιμὴ
862 2119 904 2204 μὴ
926 2115 1058 2208 γένοιτοδ
1077 2115 1108 2193 ἐξ
1131 2117 1225 2204 ὑμῶν,
1251 2115 1368 2203 ἕτοιμός
1390 2121 1450 2204 εἰμι
1473 2120 1525 2182 καί

431 2228 535 2312 πάλιν,
554 2229 662 2304 ὁσάκις
680 2229 804 2294 καλέσοι
817 2229 924 2320 καιρὸς
942 2230 1029 2320 κάγὼ
1050 2225 1200 2316 δύναμαι,
1218 2238 1383 2319 συνεργεῖν,
1402 2231 1454 2293 καί
1474 2237 1528 2305 τῆς

434 2345 513 2416 ζωῆς
530 2337 676 2432 ἀφειδεῖν,
693 2343 717 2405 εί
734 2339 837 2429 τύχοι.
853 2337 935 2405 Οἶδα
952 2345 1040 2405 τούτο
1058 2341 1161 2427 μαθὼν
1175 2337 1205 2415 ἐξ
1220 2338 1316 2427 ὑμῶν.
1334 2317 1475 2415 ἕκαστος
1487 2341 1528 2414 ὡς

434 2447 561 2517 δύναται
586 2449 710 2537 βοηθεῖ,
729 2453 786 2517 κάν
808 2451 909 2540 ἐκείνῳ
928 2449 1029 2540 μέλοιὖ
1046 2458 1097 2517 τοῦ
1121 2452 1215 2544 γέρως
1237 2448 1335 2516 οὐδέν.
1356 2432 1428 2515 Ᾰλλ’
1442 2450 1527 2538 ὑμεῖς

434 2559 541 2653 πρᾶξιν
564 2566 689 2655 ἀρίστην
716 2563 750 2628 ού
775 2560 952 2647 δικαιοῦτε,
981 2560 1034 2628 διά
1057 2569 1110 2629 τοῦ
1134 2559 1227 2650 μηδὲν
1254 2564 1525 2654 ἀντιχαρίζεσθαι,

433 2675 646 2763 ἀφανίζεσθαι.
670 2677 721 2748 Τίς
744 2678 835 2764 χρεία
854 2677 1005 2765 στεφάνων
1028 2682 1064 2762 τῇ
1087 2675 1171 2739 πόλει
1194 2681 1335 2762 χρυσῶνς
1360 2672 1428 2737 ἀλλ’
1447 2672 1528 2760 ὅμως

433 2763 533 2846 θόδιοι
560 2784 611 2845 καί
638 2779 824 2867 Βυζάντιοιθ,
850 2784 901 2848 καί
927 2791 987 2857 ποῖς
1014 2782 1216 2873 εύεργετηθείς
1242 2781 1315 2872 παρ’
1338 2780 1421 2867 ὑμῶν
1451 2782 1530 2847 έκά-

433 2916 519 2957 στοτε
537 2891 687 2979 πέμπουσι
712 2891 857 2966 τούτους·
885 2892 942 2955 κάν
965 2891 1038 2980 πρὸς
1057 2893 1097 2954 τά
1114 2887 1199 2981 δῶρα
1216 2887 1415 2977 μελλήσωσιί,
1442 2888 1530 2958 δεινὰ

466 3144 474 3169 ¹
489 3143 583 3193 Schoi.:
601 3147 728 3213 εῖρωνικον.
744 3144 805 3194 Vide
819 3143 851 3193 de
867 3144 966 3193 nomine
1026 3143 1132 3192 “Exstat
1142 3144 1165 3193 in
1176 3142 1346 3193 Demosthenis
1354 3143 1529 3209 ctesiphonten

434 3227 548 3290 χρηστός,
560 3239 587 3287 p.
600 3226 639 3284 13,
651 3240 676 3273 ο.
692 3229 714 3273 1.
984 3211 1164 3290 'Byzantiorum
1181 3223 1306 3272 decretum
1320 3223 1351 3273 de
1369 3239 1461 3278 corona
1478 3225 1531 3273 Po-

467 3300 557 3350 ’Horn
580 3298 607 3350 ΙΙ.
630 3302 659 3360 4,
678 3303 722 3351 18Ξ
738 3322 745 3351 ι
763 3307 816 3352 τότε
836 3322 877 3367 μοι
896 3307 965 3366 χάνοι
992 3305 1051 3369 pulo
1070 3302 1213 3352 Atheniensi
1230 3302 1354 3352 donanda.
1372 3302 1407 3351 De
1427 3302 1529 3352 Rhodiis

433 3379 512 3448 εὐρεῖα
541 3385 611 3445 χθών.
640 3381 766 3431 Poetaster
801 3381 826 3430 in
858 3381 966 3431 Crameri
993 3382 1110 3449 ipsisjam
1126 3400 1174 3432 non
1189 3383 1288 3433 memini
1301 3383 1380 3432 iocum
1395 3397 1467 3446 quem
1480 3399 1531 3448 po-

433 3459 527 3510 Anecd.
540 3461 617 3510 Paris.
630 3461 654 3522 t,
666 3461 712 3509 335
726 3480 731 3508 :
745 3460 771 3511 οὐ
782 3469 861 3525 χανεῖν
872 3480 913 3524 μοι
925 3469 966 3517 τὴν
995 3463 1040 3513 tuit
1058 3462 1170 3528 sophista
1192 3461 1333 3524 respicere,
1348 3461 1388 3510 hic
1411 3471 1437 3509 et
1457 3462 1528 3511 infra.

434 3543 578 3602 χθόνα,Κοιὶ
592 3540 620 3595 δὴ
633 3543 744 3603 βαθεῖαν,
759 3537 855 3603 εὔξομαι
871 3559 966 3606 παραυ·
994 3544 1074 3592 Testis
1102 3542 1199 3591 interim
1230 3542 1379 3606 producatur
1410 3541 1531 3590 Aristides

434 3624 502 3675 τίκα;
519 3617 623 3681 Niceph.
643 3616 763 3680 Gregoras
780 3616 880 3682 Dialogo
895 3633 968 3681 quem
996 3621 1065 3670 Orat.
1081 3623 1124 3679 13,
1144 3637 1169 3685 p·
1183 3623 1230 3669 237
1246 3641 1252 3668 ι
1269 3625 1291 3670 οἱ
1310 3628 1352 3685 μὲν
1366 3622 1431 3669 οἷλλοι
1445 3627 1531 3677 πάντες

434 3695 534 3744 Iahnius
545 3711 568 3744 v.
582 3697 606 3745 d.
620 3695 697 3745 edidit
707 3712 731 3760 p.
745 3699 792 3745 533
804 3717 809 3745 ι
822 3699 899 3758 ἐζήτει
908 3702 969 3766 βρθ-
992 3699 1112 3757 Ἕλληνες,
1123 3707 1179 3761 post
1191 3699 1297 3762 ingentia
1309 3700 1340 3748 de
1350 3699 1444 3747 Graecia
1454 3699 1531 3748 Athe·

435 3794 486 3838 χον,
496 3776 572 3835 ἐζήτει
584 3777 665 3843 βύθιος
678 3778 801 3832 θαλάσσης·
814 3783 894 3839 χανεῖν
904 3776 968 3841 αὐτῷ
994 3777 1114 3825 niensium
1125 3775 1149 3823 in
1158 3775 1255 3824 Persico
1268 3775 1334 3824 hello
1344 3776 1445 3833 merita,
1457 3779 1533 3840 ἀσμέ-

435 3856 466 3904 δι’
487 3854 556 3918 εύχῆς
575 3856 677 3903 ἐποιεῖτο
697 3862 738 3910 τὴν
759 3865 810 3916 γῆν.
828 3853 969 3903 Theodqus
995 3877 1037 3912 νως
1060 3856 1303 3904 ἀναπεπνεύκεσοιν....
1330 3859 1370 3901 καί
1397 3861 1439 3909 τὴν
1463 3860 1532 3905 πόλιν

435 3933 499 3998 Mag.
508 3933 533 3982 in
546 3934 606 3982 meis
615 3931 712 3980 Anecd.
728 3931 770 3981 Gr.
785 3942 804 3982 t.
816 3933 837 3982 ll
847 3971 853 3992 ‚
864 3949 889 3997 p.
905 3934 967 3982 tot:
996 3937 1142 4003 ἐοτεροίνονν,
1162 3935 1300 3995 ἐθαύμαζον,
1318 3939 1364 3981 πᾶν
1377 3932 1388 3980 ὃ
1406 3952 1430 3980 τι
1445 3935 1533 3983 εἴποιεν

435 4013 483 4062 οὐδ’
492 4009 574 4070 ηὔξατ’
586 4010 649 4078 αύτῷ
657 4021 737 4074 χανεῖν
745 4010 789 4060 ὑπὸ
798 4012 860 4068 δέους
868 4020 910 4069 τὴν
918 4023 968 4075 γῆν.
997 4014 1069 4070 corp
1082 4020 1165 4080 μικρὸν
1176 4017 1284 4074 ἡγοῦντο.

436 4090 471 4139 ihi
486 4101 552 4140 nota.
568 4089 706 4155 Pannychis
719 4090 843 4141 Lucianea
859 4111 864 4139 :
880 4100 916 4150 τίς
929 4099 973 4156 χῖ·
1031 4091 1151 4152 ⁷Codex,
1173 4093 1298 4154 μιλήοωει.
1319 4088 1399 4137 Verba
1425 4093 1491 4152 μέλει
1508 4100 1533 4138 et

436 4189 513 4233 νωμαι
522 4190 528 4229 ;
538 4181 587 4227 πῶς
597 4171 624 4219 ἄν
635 4189 665 4234 με
673 4175 688 4227 ἡ
697 4180 727 4233 γῆ
739 4173 866 4221 satanico!
996 4173 1075 4233 μέλλει
1086 4171 1122 4218 sic
1140 4168 1229 4234 passim
1242 4167 1433 4217 confunduntur.
1451 4167 1533 4217 Nihil-

469 4247 479 4272 ³
491 4247 586 4297 Schol.:
595 4251 716 4312 ἐπιλογικη
727 4255 822 4307 ποιότης
830 4257 869 4300 καὶ
879 4257 969 4314 γνώμη.
997 4263 1044 4312 que
1061 4248 1161 4297 omnino
1177 4247 1300 4312 vulgarius
1311 4259 1349 4296 est
1358 4263 1431 4312 quarn
1444 4246 1532 4296 omissa

470 4325 551 4375 'Cod
569 4337 627 4391 τιμὴ
642 4336 742 4391 γίνοιτο.
752 4329 841 4379 Addidi
854 4338 896 4394 μή.
997 4327 1061 4374 malo
1071 4327 1110 4376 vol
1122 4325 1281 4376 addita-male
1291 4327 1380 4376 littera.
1391 4324 1532 4374 Themisto-

471 4403 533 4454 ¹⁵Sic
543 4403 599 4453 cod.
615 4403 742 4465 Fortasse,
755 4414 793 4456 ιιοιί
809 4411 886 4472 ἐκείνῳ
895 4411 970 4470 μέλει,
998 4404 1048 4453 cles
1065 4405 1145 4469 Epist.
1158 4410 1188 4462 9.
1204 4410 1232 4455 λθ
1247 4427 1252 4455 :
1265 4414 1294 4456 τά
1309 4414 1350 4470 μὲν
1367 4413 1479 4470 χρήματα
1499 4415 1532 4467 μὴ

439 4482 530 4533 veludi
547 4485 623 4548 ἐκείνῳ
636 4487 708 4545 μέλει,
742 4528 751 4541 ,
998 4488 1147 4550 ρνλοὶττοντα
1160 4487 1209 4546 ἐμοὶ
1228 4487 1288 4546 μηδὲ
1300 4495 1348 4541 τοῖς
1363 4488 1425 4546 ἐμοῖς
1440 4492 1531 4540 παισίν,
