3684 5659
766 627 831 691 ΚΑΙ
858 627 1076 691 ΦΙΛΑΓΡΙΟΣ.
1394 629 1466 696 w

374 762 556 851 παίζοντος,
576 765 627 829 καί
646 764 779 835 εἰπόντος
796 786 812 821 «
824 743 1020 839 Ᾰσποίζονταί
1037 787 1071 827 σε
1086 787 1119 847 ν,
1139 787 1155 820 ι(
1169 764 1228 834 Τὴν
1244 763 1317 851 ἐμήν
1334 789 1383 831 σοι
1400 792 1465 833 σω-

375 874 546 969 τηρίανί»,
566 877 668 968 φησίν,
694 897 710 932 ιι
735 874 807 961 ἐμοῦ
834 872 921 938 ἕνεκα
948 875 1059 965 ἀργίαν
1084 873 1188 950 αὐτοῖς
1213 870 1283 959 δός,
1308 878 1359 941 καὶ
1389 888 1467 970 τρεῖς

374 987 490 1079 ἡμέρας
506 987 548 1076 μὴ
565 982 738 1078 ἐξαγάγῃς’
755 985 834 1051 αιἰτόι
850 989 892 1060 εἰς
909 988 1000 1072 νομήν
1013 1011 1042 1049 ιι.

423 1153 485 1250 μηί.
509 1157 736 1251 Σχολαστικός8
752 1156 864 1225 καινόι’ο
880 1156 1064 1249 ὑποδήματα
1082 1159 1269 1234 ὑπεδήσατο.
1289 1162 1469 1257 Τριζόντωνθ

375 1266 426 1340 οὖν
452 1273 565 1355 αὐτῶν,
594 1272 745 1361 ἐπισχών,
771 1297 786 1329 (ι
805 1272 852 1342 Μὴ
874 1275 988 1364 τρίζετε
1007 1299 1039 1358 ν,
1068 1270 1164 1358 εἶπεν,
1191 1300 1206 1331 <¹
1227 1273 1288 1341 ἐπεὶ
1311 1277 1351 1340 τόι
1375 1275 1467 1352 σκέλη

374 1382 458 1473 ὑμῶν
476 1379 623 1449 κλοίσετο8
636 1408 665 1444 ν.

423 1549 484 1647 pt'.
508 1555 736 1649 Σχολαοτικίιςτ
757 1561 810 1631 τὴν
827 1562 961 1633 σελήνην,
975 1558 1060 1647 ἰδών,
1084 1562 1260 1630 ἐπυνθάνετο
1281 1566 1468 1659 τοῦπατρὸς

296 1704 298 1708 <
373 1675 399 1743 εἰ
417 1672 469 1738 καὶ
489 1669 519 1735 ἐν
534 1680 604 1747 ταῖς
621 1670 728 1748 ἄλλαις
746 1671 851 1737 πόλεσι
868 1678 1008 1738 τοιαῦται
1026 1674 1148 1745 σελήναι
1166 1678 1239 1740 εἰσί.

422 1839 458 1913 ti.
490 1843 716 1936 Σχολαστικός8
742 1843 901 1923 δανειστὴς
929 1846 1108 1941 νανκλόρῳ”
1133 1851 1271 1943 χρεώστρ
1304 1850 1468 1918 ἐνετείλατο

372 1958 461 2051 σορόν
471 1955 490 1990 ¹⁰
507 1956 591 2045 αὐτῷ
605 1959 745 2044 κομίσαι,
761 1958 813 2022 καὶ
830 1953 884 2023 δύο
901 1955 1071 2035 παιδίσκας
1083 1970 1147 2036 τοῖς
1161 1961 1316 2027 ὀκταέτεσι
1333 1958 1467 2038 παιδίοις

373 2067 486 2152 αὐτοῦ,
509 2063 631 2135 δικαίου
649 2065 758 2159 μέτρου
775 2067 815 2142 ὡς
833 2071 875 2142 εἰς
894 2065 1033 2144 αὔξησιν.

371 2334 466 2386 brarius
478 2337 609 2402 βλιχόμενιι
619 2331 752 2393 scriberet;
764 2344 789 2382 et
801 2332 909 2383 correxit
935 2332 987 2381 fere
998 2338 1091 2400 τρίζοι,
1102 2333 1140 2382 cui
1150 2333 1258 2398 opinioni
1266 2334 1330 2384 iavet
1342 2334 1467 2386 hiclocns.

371 2413 433 2464 allus
446 2411 562 2462 mendum
574 2426 665 2475 augens
676 2415 814 2476 γλιχόμενοι.
826 2410 908 2460 Hime-
969 2409 1029 2473 Ἥ,
1041 2417 1106 2475 ἡμῶν
1118 2416 1227 2468 κλοίοητε.
1243 2412 1305 2474 Quid
1322 2413 1380 2463 velit
1392 2412 1468 2463 scho-

371 2490 422 2541 rius
442 2490 510 2540 Orat.
534 2481 580 2549 21,
597 2491 611 2537 8
631 2508 637 2538 ι
657 2489 714 2540 ὅταν
731 2496 845 2553 κοιμήσας
865 2497 907 2545 τὴν
933 2489 1013 2540 lastiei
1026 2490 1056 2539 ad
1072 2491 1169 2540 calceos
1181 2489 1312 2540 stridentes
1324 2491 1401 2541 oratio
1419 2507 1467 2542 non

372 2573 447 2639 φλόγα
455 2579 535 2639 χοροῖς
545 2571 643 2639 ἐναθόρῃ
651 2576 690 2619 καὶ
699 2567 908 2632 μέλισι.(]οιι]οοίῑ
934 2567 1051 2632 intelligo.
1071 2568 1107 2618 ilc
1120 2569 1232 2633 suspicor
1251 2585 1298 2617 nou
1318 2569 1466 2620 intellectam

372 2647 486 2700 fleiskius
499 2655 620 2712 κοιμίσας,
637 2646 703 2713 quod
723 2656 761 2696 est
778 2646 865 2706 melius
883 2656 909 2696 et
934 2647 1008 2696 luisse
1026 2648 1145 2707 pontano,
1159 2647 1200 2713 qui
1219 2662 1233 2695 a
1247 2647 1413 2698 convertenda
1424 2647 1467 2698 hi-

372 2726 459 2778 oodice
470 2726 647 2776 confirmatum.
934 2727 1035 2775 storiola
1050 2727 1083 2776 ob
1097 2726 1122 2775 id
1136 2725 1287 2775 abstinuerit.

405 2802 701 2869 *Eademformutafflo
968 2804 1031 2855 'Est
1049 2806 1078 2853 tt
1096 2806 1120 2854 in
1140 2805 1200 2854 Met
1220 2805 1259 2864 P.;
1281 2807 1309 2851 17
1328 2804 1352 2853 in
1375 2808 1467 2870 Apogr.

404 2881 463 2941 Ἢ,
485 2882 587 2954 αὗτῇ....
609 2885 745 2945 ἐξαγαγτῖς,
765 2883 907 2947 permutatis
921 2883 1015 2951 'vassa
1027 2885 1059 2932 30
1073 2884 1097 2933 in
1114 2883 1159 2934 Rh.
1175 2883 1216 2933 ubi
1229 2902 1235 2932 ι
1246 2889 1312 2947 οχολ.
1323 2886 1345 2933 ἐν
1356 2895 1387 2954 τῇ
1402 2889 1468 2936 πόλει

370 2961 497 3013 vocalibus
513 2982 527 3018 η
546 2979 577 3010 ιι.
595 2960 672 3025 Leges
693 2957 820 3020 Rhotaris,
839 2959 856 3025 ς
876 2961 905 3024 9,
934 2966 964 3013 ὡν
976 2970 1015 3012 καὶ
1028 2972 1070 3020 τὴν
1087 2985 1110 3012 a.
1128 2966 1144 3013 ἰ.
1160 2967 1286 3014 resideam
1301 2964 1347 3023 (sic
1359 2975 1384 3012 et
1396 2963 1467 3013 Voss.

371 3057 398 3108 p.
411 3042 443 3091 54
453 3058 461 3090 z
473 3043 513 3091 icio
523 3061 548 3091 τι
559 3043 633 3107 ίτίρῳ
641 3041 759 3108 όρδοιλμὸν
770 3041 871 3090 ἐκόοιλτῖ·
883 3051 908 3090 ct
933 3043 986 3090 sinc
995 3040 1135 3105 augmento)
1147 3063 1171 3092 τ.
1181 3063 1208 3092 π.
1221 3045 1242 3091 εἰ
1255 3049 1295 3091 καί
1307 3047 1333 3091 οιὶ
1345 3043 1415 3092 ἄλλαι
1423 3048 1468 3094 πό·

370 3119 388 3186 s
401 3121 429 3170 12
442 3139 448 3170 ε
462 3121 502 3170 icit
512 3141 548 3176 τις
561 3122 632 3187 ἑτέρῳ
642 3121 738 3177 ὀδόντας
751 3120 851 3169 ἐκόαλιῖ.
862 3121 908 3168 lm-
933 3124 979 3176 λιις
995 3121 1073 3184 ἔχουσι
1086 3123 1197 3176 τοιαύτην
1215 3124 1318 3176 σελήνην.

370 3197 481 3263 pediturn
493 3208 598 3249 accentu
608 3198 682 3248 luisse
693 3214 720 3247 se
734 3200 768 3247 ait
778 3196 907 3247 Zacharias
967 3195 977 3223 ⁸
989 3197 1033 3247 Est
1046 3199 1077 3246 48
1090 3198 1113 3245 in
1126 3201 1151 3246 Μ
1163 3208 1187 3246 et
1198 3198 1220 3248 P.
1236 3198 1311 3248 Abest
1320 3197 1351 3248 ab
1363 3198 1428 3249 Edd.

371 3292 396 3327 v.
405 3276 566 3342 d.quominus
575 3275 756 3341 conjunctivum
765 3285 905 3340 reponeret.
966 3274 1024 3336 Ἥ,
1037 3280 1172 3344 ναυκλήρῳ,
1189 3276 1255 3341 quod
1270 3277 1353 3340 recepi
1366 3293 1411 3342 pro
1429 3277 1468 3327 le-

374 3353 492 3405 llebnisse
503 3364 563 3421 puto
573 3356 699 3405 meliorem
712 3355 841 3403 lectionem
848 3345 906 3402 imi·
934 3355 1015 3404 ctione
1027 3353 1064 3414 Α,
1078 3348 1189 3420 ναυτίλῳ.
1479 3345 1481 3349 ’

372 3433 433 3492 lari,
443 3434 483 3484 ίοίν
492 3454 528 3491 τις
537 3435 622 3484 ὀδόντα
633 3438 731 3498 μνλίτην
740 3435 780 3482 ἕνα
791 3436 804 3490 ἦ
817 3436 907 3490 πλείους
969 3431 1036 3491 ¹⁰M,
1049 3437 1163 3500 οωρόν....
1177 3432 1269 3480 δικαίου
1277 3437 1372 3500 μέτρον.
1380 3432 1469 3497 Αρρο-

372 3512 474 3582 ἃιιὸάλρ,
487 3511 666 3578 quaelegitur§
680 3514 719 3561 tt.
733 3512 861 3575 Etpassim
872 3521 909 3560 est
936 3527 990 3560 nam
1002 3509 1104 3559 Pontani
1117 3509 1206 3568 latina,
1216 3508 1297 3570 unde,
1309 3511 1329 3558 si
1344 3510 1397 3558 fieri
1408 3526 1468 3576 pos-

372 3591 398 3639 in
410 3590 497 3640 codice
508 3591 547 3640 ἐὰν
557 3594 647 3660 πλήξῃ,
658 3594 698 3641 ἐὰν
709 3593 799 3658 ἐκκόψῃ.
812 3589 908 3653 Scripto
935 3590 979 3648 sit,
1000 3588 1112 3654 proficiet
1127 3589 1217 3646 lector;
1230 3589 1344 3653 equidem
1365 3587 1446 3638 haereo
1459 3609 1466 3638 :

373 3668 438 3718 male
452 3670 557 3729 tuceta,
572 3669 713 3734 supervenit
724 3669 764 3734 qui
782 3678 908 3718 accentum
936 3667 1118 3718 «scholasticus
1132 3665 1262 3715 foenerator
1278 3682 1333 3716 cum
1353 3668 1469 3717 nauclero

373 3746 438 3797 male
454 3757 571 3805 mutaret.
585 3764 634 3798 nou
645 3747 834 3812 diphthongum.
935 3745 1037 3796 deberet
1046 3745 1142 3810 (sedeat
1150 3752 1269 3813 χρεώστης
1280 3746 1320 3812 qui
1329 3746 1467 3810 debet,non

406 3824 472 3874 ‘Est
482 3826 514 3874 46
526 3826 551 3875 in
562 3825 595 3875 li.
608 3825 684 3875 Abest
696 3841 711 3875 a
723 3826 751 3874 Ρ.
765 3834 790 3874 et
801 3823 864 3873 Edd.
935 3824 1092 3883 cuidebetur;
1100 3823 1204 3882 debitor,
1212 3825 1470 3890 noncreditor)‚jussit

408 3901 467 3961 Ἥ,
485 3912 549 3955 aava.
570 3903 720 3965 Permutatio
741 3902 812 3952 solita
835 3915 909 3951 voca-
936 3919 991 3953 enm
1009 3913 1099 3953 sortem
1116 3905 1227 3969 recipere
1245 3904 1340 3970 (σωρός,
1358 3904 1424 3969 quod
1438 3905 1467 3953 P.

374 3981 433 4032 lium
447 4002 473 4031 αι
487 4001 507 4031 ι.
519 3981 560 4032 Sic
574 3997 630 4032 mox
642 3981 679 4036 M,
696 3989 812 4048 τριςιται.
828 3978 908 4029 Scho-
936 3982 1041 4040 invenit,
1052 3997 1099 4031 non
1110 3992 1147 4031 est
1157 3997 1222 4038 sors,
1234 3992 1259 4031 et
1268 3982 1378 4046 recipere
1387 3992 1469 4045 postu-

372 4059 457 4110 liaates
477 4059 549 4124 Greg.
569 4060 667 4109 Naz.'in
688 4059 803 4124 Catalogo
818 4058 908 4109 Clarkii
936 4061 971 4110 lat
997 4062 1164 4124 κομίσασθαι),
1195 4069 1220 4107 et
1254 4059 1379 4108 ancillulas
1410 4075 1469 4124 quas

374 4137 560 4198 Gaisfordiano‚
574 4156 600 4204 p.
613 4140 645 4188 45
657 4158 664 4188 ι
676 4143 723 4190 θεοὶ
738 4143 908 4206 πιθηκόμορροι
936 4138 1079 4188 octennibus
1098 4137 1153 4187 filiis
1168 4138 1217 4185 suis
1237 4136 1308 4186 daret
1320 4152 1424 4198 uxores,
1442 4148 1470 4188 ut

374 4218 589 4286 καὶίλλονροιιδεῖς
600 4215 637 4276 οὓς
648 4221 739 4275 ἑαυτοῖς
751 4222 773 4268 οἱ
784 4220 909 4282 Αἰγύπτιοι
933 4216 1003 4281 justae
1026 4231 1144 4265 mensurae
1168 4215 1300 4264 auctarium
1319 4215 1466 4266 videlicet».

375 4297 546 4352 ὑπεστήσαντο.
560 4297 627 4352 Ιιηο.
639 4298 811 4364 αίλονροειδιῖς.
937 4294 1019 4344 Graeca
1032 4303 1059 4342 ut
1072 4308 1136 4342 ame
1149 4302 1206 4342 sunl
1217 4309 1247 4341 ex
1264 4295 1283 4341 Α
1296 4292 1361 4343 edita
1373 4295 1468 4360 signifi-

409 4372 589 4424 ¹⁵Philostratus
610 4373 687 4438 Epist.
705 4375 734 4424 21
751 4393 758 4423 z
771 4374 809 4426 ότι
827 4376 908 4438 τρύςοι
937 4383 994 4423 cant
1007 4371 1179 4421 scholasticum
1189 4373 1302 4422 nauclero
1314 4372 1409 4423 cuidam
1421 4374 1470 4422 de-

375 4452 439 4528 slep
453 4459 481 4505 τὸ
494 4453 614 4516 ὑπόδημα.
636 4451 671 4502 lbi
690 4452 789 4507 laccho.
803 4450 908 4503 malebat
921 4521 924 4525 ¹
936 4451 1008 4503 bitori
1031 4467 1076 4501 suo
1097 4449 1225 4501 mandasse
1246 4453 1426 4518 proficiscenti,
1443 4463 1469 4504 ut
