3684 5659
760 696 917 758 ΜΕΛΕΤΗ
943 684 984 755 13¹.
1369 691 1415 760 35

319 829 501 922 ἐπενεγκεῖν,
525 826 787 921 καταπραξαμένῳ
811 824 844 892 δέ
867 829 907 914 μὴ
930 827 1098 920 προςέχειν,
1119 830 1185 896 ἀλλ’
1204 831 1242 896 ἐνί
1266 835 1317 897 καί
1343 829 1416 897 δευ-

319 941 396 1034 τέρῳ
421 940 634 1029 ἐναντιουμένῳ
662 942 856 1032 προςκεῖσθαι
881 938 987 1024 θέλειν,
1014 943 1066 1007 καί
1094 943 1146 1012 τὴν
1168 942 1240 1029 ἐμὴν
1267 945 1306 1019 ὡς
1332 940 1418 1008 ούδὲυ

319 1056 464 1145 ἡγεῖσθαι
480 1054 668 1145 προαίρεσιν,
688 1053 739 1117 καί
760 1036 804 1115 ὅτι
824 1049 876 1137 μέν
892 1050 1082 1144 προῃρούμην
1098 1062 1193 1118 ποιεῖν
1212 1053 1355 1138 ἐπαινεῖν,
1372 1053 1416 1120 ὅτι

321 1161 352 1230 δ’
370 1168 413 1241 εἰς
432 1165 517 1241 τέλος
535 1165 569 1229 τὸ
590 1160 736 1248 βούλητόν
758 1187 808 1249 μοι
830 1162 1021 1251 κατώρθωσα
1045 1164 1085 1250 μὴ
1107 1166 1282 1255 φροντίζειν.
1304 1142 1418 1229 Ᾰτοπον

321 1271 357 1341 δὲ
374 1277 427 1341 καί
449 1278 587 1342 ἀποῦσαν
606 1272 658 1360 μὲν
678 1272 825 1349 ἐπιζητεῖν
842 1272 894 1342 τὴν
913 1271 1094 1364 ἐλευθερίαν,
1114 1275 1170 1338 κάν
1188 1274 1267 1350 ὅπως
1284 1274 1418 1363 συμθαίη
1480 1311 1482 1315 -

321 1386 524 1475 καταμελεῖν,
548 1390 705 1477 παροῦσαν
730 1380 764 1449 δὲ
788 1385 829 1470 μὴ
853 1383 1048 1473 λογίζεσθαι,
1075 1386 1132 1450 κάν
1158 1382 1277 1476 ἀπέδρα
1301 1389 1352 1452 καί
1378 1389 1419 1475 μὴ

322 1494 486 1588 ἀνῄρηται1
510 1493 650 1587 διαιρεῖν,
676 1497 729 1560 καί
755 1491 849 1570 ούτως
871 1492 924 1580 μὲν
946 1497 1071 1586 ἀγαπᾷν
1091 1496 1261 1588 ἐλευθέρους
1285 1496 1416 1581 ἀκούειν,

323 1605 419 1684 οὕτως
436 1604 470 1673 δὲ
490 1611 553 1696 μή·
576 1609 628 1672 καί
647 1611 672 1671 εί
690 1603 759 1694 μέν’
774 1608 841 1697 περί
860 1629 940 1679 τινος
954 1606 1068 1691 ἀλλ-ου,
1086 1607 1161 1677 πλὴν
1177 1614 1277 1673 κοινοῦ
1295 1611 1347 1673 καί
1366 1618 1420 1682 τῆς

323 1720 439 1796 πόλεως
462 1720 665 1811 ἠγωνιζόμην,
692 1714 919 1806 ἀποδέχεσθαι,
945 1718 1002 1781 κᾶν
1026 1724 1098 1783 ναῦν
1123 1722 1195 1805 μίαν
1217 1721 1337 1803 σώζειν,
1363 1721 1420 1784 κάν

324 1829 532 1906 ἐπισκευάζειν
548 1831 680 1920 νεώριον,
701 1829 757 1893 κάν
779 1838 880 1916 τεῖχος
904 1831 1043 1913 άνιστᾷν,
1064 1831 1121 1894 κάν
1137 1829 1212 1894 ἀλλο
1235 1854 1263 1894 τι
1285 1840 1379 1895 ποιεῖν
1401 1835 1420 1903 η’

326 1935 480 2012 σπουδήθ·
499 1936 603 2010 ἐπειδὴ
621 1935 655 2004 δὲ
673 1937 747 2004 αὐτὸ
765 1939 799 2003 τὸ
816 1946 874 2002 τῶν
892 1937 969 2003 ὅλων
986 1940 1215 2026 άνεκαλεσάμην
1236 1941 1418 2031 κεφάλαιον,

324 2052 378 2114 καί
395 2045 455 2121 ἥδη
470 2059 528 2115 τῶν
542 2049 731 2137 ἐπικειμένων
747 2057 800 2124 τῆς
818 2044 994 2140 τυραννίδος
1010 2059 1113 2116 κακῶν
1132 2050 1345 2141 ἀπηλλάγητε,
1366 2055 1418 2116 καί

324 2157 435 2245 βουλαί
451 2162 503 2225 καί
521 2162 634 2251 κρίσεις
652 2160 697 2252 ἐρ’
712 2162 824 2247 ὁτῳοῦν
840 2163 897 2224 εἰσί
915 2160 989 2251 παρ’
1003 2158 1085 2248 ὑμῖν,
1105 2163 1158 2226 καί
1176 2159 1304 2238 ἕκαστος
1321 2162 1422 2254 κύριος

323 2281 383 2338 τῶν
402 2269 499 2356 ἰδίων,
526 2272 617 2348 αὐτὸς
633 2273 811 2354 ἐπιτάττων,
831 2272 865 2336 ού
882 2273 1045 2363 τύραννος,
1067 2273 1158 2349 αὐτὸς
1176 2280 1292 2363 άρχων,
1313 2274 1347 2338 ού
1363 2271 1421 2339 δο-

324 2386 473 2477 ρυφόρος·
493 2380 595 2454 ἐπειδὴ
607 2390 706 2449 ταῦτα
720 2385 918 2475 κατώρθωται
933 2385 986 2448 σύν
1003 2387 1098 2466 θεοῖς,
1113 2383 1186 2472 παρ’
1201 2381 1287 2448 οὐδὲν
1302 2388 1422 2449 κεῖσθαι

324 2498 378 2568 τὴν
396 2501 501 2589 χάριν,
521 2499 573 2562 καί
593 2492 687 2584 μηδὲν
703 2499 845 2586 ἡγεῖσθαι
862 2497 896 2560 τὸ
915 2497 1049 2587 γεγονός.

389 2588 395 2610 ’
560 2600 573 2613 r·

371 2609 448 2699 Εγὼ
467 2606 519 2695 μὲν
541 2609 604 2691 οὐν,
629 2611 654 2671 εἰ
678 2603 796 2672 δεῖκαὶ
826 2608 994 2697 (ριλοσόρων
1021 2607 1169 2671 άπτεσθαι
1195 2604 1305 2695 λόγοιν,
1334 2609 1421 2670 παντί

325 2715 562 2806 διακελεύομαι,
589 2720 641 2783 καὶ
665 2718 719 2805 νέῳ
745 2721 796 2782 καί
822 2717 958 2810 γέροντι,
987 2719 1039 2781 καί
1064 2717 1198 2802 πλουσίῳ
1223 2719 1274 2780 καί
1302 2716 1419 2800 πένητι,

326 2826 500 2918 ἀστικῷίτε
509 2822 547 2895 αύ
556 2832 607 2894 καί
618 2831 766 2921 ἀγροίκῳ),
776 2832 827 2894 καί
838 2832 926 2893 παντί
939 2837 1041 2915 τῴτής
1052 2828 1204 2902 πολιτείας
1215 2826 1420 2919 πληρώματιθ,

326 2950 444 3034 πρῶτον
458 2939 510 3029 μὲν
527 2943 618 3031 χάριν
633 2943 713 3028 ἔχειν
728 2943 805 3015 θεοῖς
818 2950 880 3016 τοῖς
894 2942 1045 3004 σεσωκόσι
1059 2941 1111 3009 τὴν
1123 2939 1221 3022 πόλιν,
1238 2941 1289 3003 καί
1305 2941 1425 3014 θυσίαις

327 3051 439 3128 αύτούς
455 3047 799 3127 δεξιοῦσθαιπαντοιάις
813 3052 864 3114 καί
880 3052 1072 3137 ἀναθήμασιν
1086 3048 1301 3133 εύσεθούντας,
1317 3052 1369 3112 καί
1383 3051 1424 3135 μη

326 3162 441 3236 κακίας
457 3160 487 3236 ἐς
502 3165 645 3226 τοσοῦτον
664 3159 778 3244 ἐλθεῖν,
798 3158 871 3234 ὥςτε
889 3155 961 3246 μηδ’
981 3155 1092 3224 εἰδέναι
1110 3161 1203 3223 πόσον
1221 3158 1424 3250 εύηργετνίθη-

328 3289 400 3360 μεν·
425 3274 529 3336 ἔπειτα
555 3266 589 3335 δὲ
615 3266 760 3359 δευτέρως
782 3274 833 3334 καί
859 3280 922 3345 τοῖς
947 3269 1219 3361 ύπηρετησαμένοις
1244 3278 1285 3354 τῷ
1308 3268 1425 3333 ἐκείνων

328 3377 501 3468 βουλήματι
516 3381 569 3451 τὴν
583 3376 775 3471 γιγνομένην8
792 3380 948 3466 ἀπονέμειν
965 3383 1065 3466 τιμήν,
1086 3382 1138 3443 καί
1157 3381 1198 3464 μὴ
1216 3379 1256 3452 ὥς
1270 3403 1353 3452 τινας
1372 3406 1427 3463 μι-

330 3490 493 3582 κρολύγονς
512 3495 642 3579 νομίζειν
657 3489 781 3564 τούτους
798 3493 849 3555 καί
869 3488 994 3582 κέρδους
1010 3493 1136 3563 ἥττονας
1153 3489 1245 3578 γέρας
1265 3493 1427 3562 ζητοῦντας

330 3603 382 3668 καί
406 3601 558 3689 ἀμοιθάς,
579 3600 661 3684 ἀλλ’,
682 3598 802 3676 εἰδότας
825 3603 864 3676 ὡς
885 3604 952 3666 ’ἐστι
975 3601 1027 3688 μὲν
1049 3601 1153 3692 καιρὸς
1174 3598 1221 3663 ὅτε
1245 3601 1297 3663 καί
1322 3594 1428 3689 κέρδος

332 3713 389 3779 οὐκ
407 3713 592 3800 ἐπαινεῖται,
613 3715 649 3778 ἀν
667 3710 697 3789 ἐξ
714 3715 853 3777 ἁπάντων
875 3709 1043 3805 κερδαίνειν
1062 3738 1107 3787 τις
1129 3711 1208 3776 θέλοι
1227 3713 1279 3776 καί
1300 3719 1354 3787 τῆς
1370 3735 1426 3774 τυ-

331 3824 448 3913 χούσης
464 3821 600 3917 πράξεως
613 3823 719 3908 ἕνεκα,
735 3827 798 3889 ἐστι
817 3820 847 3888 δ’
863 3823 892 3888 ἐν
905 3825 1009 3899 ἀλλοις
1025 3827 1077 3889 καί
1095 3823 1161 3889 λίαν
1178 3823 1328 3897 ἐπαινετὸς
1344 3823 1430 3885 ὁτῶν

332 3926 528 4029 πραχθέντων
549 3938 674 4024 μισθός,
702 3935 749 4000 ὅτε
770 3937 822 4006 τὴν
843 3942 895 4001 τοῦ
918 3933 1086 4026 πράξαντος
1109 3937 1225 4000 εύνοιαν
1249 3941 1374 4013 συνιστρῖ
1394 3932 1430 3993 ἀν

369 4212 377 4238 ¹
391 4211 518 4262 Excidieee
531 4221 591 4277 puto
601 4213 678 4264 verba
691 4217 703 4262 ὁ
718 4214 835 4280 τύραννος.
895 4209 958 4258 Vide
981 4226 1006 4257 n.
1032 4208 1063 4256 nd
1086 4207 1190 4256 Theoer.
1212 4206 1249 4255 ld.
1271 4207 1302 4254 20
1319 4203 1432 4254 editionis

369 4289 484 4340 ’Schola
497 4293 596 4359 ἐργασία
608 4294 632 4341 ίκ
644 4297 685 4341 τοῦ
695 4287 822 4348 ἐλάττονος.
896 4304 957 4338 meae
969 4286 1078 4335 alterius.

370 4369 519 4432 ³F0riasee,
533 4376 548 4428 ἡ
563 4371 651 4428 σπουδὴ
663 4369 684 4438 ᾖ
932 4364 985 4414 ⁵De
996 4363 1248 4432 πληρώματιπθΡίιίΙ.
1257 4363 1413 4428 Ηοτῳώίιθ.

370 4450 380 4474 ⁸
393 4448 435 4499 Sic
444 4450 538 4510 codex,
551 4450 655 4514 ἀστικῷ,
666 4463 714 4497 non
727 4450 827 4513 ἀστυκῷ.
842 4447 869 4496 ln
932 4444 986 4493 ΓἸλε
1000 4458 1073 4493 sensu
1090 4443 1211 4508 participii
1230 4447 1362 4508 γιγνόμενος
1378 4440 1432 4489 vide

336 4527 430 4579 vocalis
453 4526 588 4579 scribendae
611 4526 732 4576 electione
755 4526 868 4576 variatur,
899 4525 1062 4587 p.1ss.n.2.·
