3684 5659
370 603 418 679 ἶνίν
706 609 740 666 Γ.
771 607 844 666 ΤΟΥ
870 603 1127 666 ΠΑΧΥΜΕΡΟΥΣ

371 739 501 808 ἐδείκνυν
522 741 702 816 ἀλαζονείας
722 741 938 829 γνωρίσματα,
964 742 1079 826 καὶτῷ
1102 736 1154 825 μὲν
1177 735 1389 802 συνεθούλευον
1406 763 1467 803 τα-

369 855 508 919 πείνωσιν
525 854 662 943 ἀγαπᾷν,
682 851 731 922 τόν
750 845 780 913 δ’
798 849 963 940 ἀπέτρεπον
978 851 1019 937 μη
1037 849 1227 939 ἐπαίρεσθαι.
1251 848 1469 940 Διεσκαριρού-
1516 876 1523 880 ·

371 961 442 1050 μην1
458 959 556 1054 ἔριδος
569 962 696 1053 τρόπους
709 943 763 1025 οὐκ
772 961 906 1051 ἀγαθῆς,
922 959 1002 1036 ὅπως
1019 960 1106 1051 ὀλίγη
1125 961 1245 1050 πρώτη,
1262 961 1340 1052 ἀτὰρ
1357 959 1470 1053 κορύσ-

372 1099 458 1140 σεται
478 1081 539 1138 ἀνω
557 1075 608 1138 καὶ
625 1072 741 1162 ούρανῷ
759 1074 841 1163 κάρα
859 1075 1011 1162 στηρίζει,
1028 1071 1107 1136 ἀλλά
1123 1073 1174 1134 καὶ
1190 1071 1235 1135 ἐπὶ
1250 1072 1335 1157 χθονὶ
1353 1067 1466 1155 βαίνει,

372 1187 423 1249 καὶ
439 1184 508 1275 ὅπερ
524 1165 634 1274 (λμήρῳ
652 1184 717 1274 περὶ
736 1180 847 1256 ταύτης
862 1180 984 1251 ἐπῆλθεν
1002 1177 1122 1258 εἰπεῖν’,
1141 1179 1222 1245 τοῦτ’
1241 1179 1301 1270 ἐγὼ
1318 1183 1467 1245 καθιστό-

372 1291 470 1385 ρουυθ.
495 1296 553 1358 Καὶ
573 1292 676 1368 ἁπλῶς
697 1291 751 1356 ούκ
774 1287 822 1376 ἦν,
842 1290 911 1382 ὅπερ
935 1299 993 1356 τῶν
1016 1294 1140 1382 ἀγαθῶν
1161 1286 1266 1375 ἔδοξε,
1286 1292 1339 1355 καὶ
1358 1289 1466 1378 ἐλέχθη

370 1413 433 1480 τοῖς
450 1403 611 1488 παλαιοῖς,
633 1403 674 1489 μὴ
694 1403 746 1466 καὶ
768 1400 840 1494 παρ’
860 1402 931 1488 ἐμοῦ
949 1405 1117 1495 γράρεσθαι
1130 1403 1216 1466 κατά
1238 1403 1272 1467 τό
1292 1409 1463 1492 προςῆκον·

372 1519 480 1604 ἔτυχον
508 1517 581 1606 γάρ,
608 1513 662 1579 ούκ
690 1509 750 1579 οἷδ’
776 1512 875 1594 ὅπως,
897 1516 948 1578 καὶ
969 1516 1089 1604 ἀγαθάς
1111 1523 1217 1604 χεῖρας
1241 1517 1319 1601 ἔχων
1339 1513 1413 1605 πρὸς
1433 1514 1467 1576 τὸ

371 1627 465 1692 ποσὸν
483 1621 680 1710 ἐπιτήδευμα.
703 1605 777 1688 Ιλπεί
797 1620 830 1688 δὲ
855 1626 906 1688 καὶ
931 1623 1090 1688 θάλασσαν
1107 1619 1168 1688 ἔδει
1185 1626 1395 1713 καθιστορεῖυ,
1415 1626 1466 1688 καί

373 1736 496 1823 κύματα
509 1738 631 1827 γράρειν
647 1736 699 1799 καὶ
715 1729 870 1807 κλύδωνας
887 1735 939 1798 καὶ
958 1735 1092 1823 ναυάγια
1105 1727 1191 1820 (καί,
1208 1737 1233 1797 εἰ
1250 1733 1367 1825 λέγοιμι
1381 1730 1423 1798 δι’
1436 1734 1468 1799 όν

371 1847 492 1935 τρόπον,
513 1851 588 1920 ἰ’σως
604 1843 678 1918 τέως
696 1841 730 1906 ού
748 1842 936 1912 πιστευθείην
957 1835 1048 1931 τισί),
1070 1845 1176 1933 γράρω
1195 1845 1246 1906 καὶ
1269 1848 1381 1907 ταῦτα.
1407 1846 1466 1908 Καὶ

372 1948 476 2028 δεινῶς
490 1951 542 2038 μὲν
557 1950 754 2042 ἀγριουμέυην
768 1945 831 2013 εἶδέ
844 1973 888 2024 τις
903 1948 1075 2035 θάλασσαν,
1092 1953 1143 2014 καὶ
1159 1957 1267 2038 ἄνεμον
1285 1951 1382 2016 ἐκεῖσε
1395 1975 1466 2043 σρο·

373 2056 444 2152 δρὸν
461 2061 493 2127 όν
509 2063 560 2125 καὶ
579 2065 741 2152 γραρεῦσιν
758 2061 823 2133 ἔθος
839 2068 948 2142 ποιεῖν,
964 2065 1016 2123 καὶ
1032 2058 1154 2146 κύματα
1170 2063 1401 2151 καταιγίζοντα,
1414 2065 1466 2127 καί

372 2171 441 2245 νηὸς
457 2166 651 2256 σκεδασμοὺς
668 2171 719 2234 καί
738 2171 896 2259 ναυάγιον.
923 2170 981 2233 Καὶ
1005 2165 1077 2233 ἰδὼν
1099 2161 1130 2233 εὖ
1149 2173 1281 2257 ἔχουσαν
1297 2172 1351 2242 τὴν
1367 2173 1468 2238 εἰκόνα

373 2289 433 2345 τῶν
446 2279 490 2371 ἐρ’
505 2279 624 2368 ἑκάστῳ
638 2283 803 2370 σχημάτων
818 2281 869 2344 καὶ
886 2280 990 2350 ἱκάνην
1004 2278 1128 2344 ἑλκύσαι
1144 2281 1218 2371 πρὸς
1235 2281 1304 2346 θέαν
1322 2287 1465 2368 ὄμματα,

374 2394 497 2481 γίνομαί
516 2416 594 2468 τινος
613 2391 779 2482 λογισμοῦ·
800 2393 852 2456 καὶ
871 2400 1010 2470 σκοπεῖτε
1030 2394 1055 2455 εἰ
1075 2393 1212 2482 ἀγαθοῦ,
1231 2395 1283 2456 καί
1304 2389 1390 2482 ἀνδρὶ
1408 2419 1467 2458 πο-

374 2500 440 2591 λίτῃ
457 2486 570 2578 πόλεως
586 2501 733 2594 ἡμετέρας
751 2498 989 2589 πεπαιδευμένης
1005 2504 1218 2592 προςήκοντος.

424 2593 614 2704 Ιλλογιζόμην
632 2615 691 2705 γὰρ
715 2614 756 2688 ὡς
774 2612 877 2687 ἀλλοις
894 2611 947 2699 μὲν
967 2612 1180 2703 ύπατρόθενῆ
1199 2615 1313 2678 οἴκοθεν
1331 2613 1411 2679 ἀλλα
1429 2616 1468 2678 τὰ

376 2719 619 2809 ἐπιτηδεύματα,
637 2725 688 2787 καὶ
708 2726 774 2810 ἔχοι
791 2732 851 2798 πᾶς
868 2716 997 2787 ἐνταῗιθα
1014 2724 1066 2786 καὶ
1086 2722 1191 2786 ἑαυτὸν
1211 2723 1332 2812 ὠφελεῖν
1346 2726 1398 2789 καὶ
1419 2726 1469 2790 τὸν

374 2831 480 2906 πέλας·
506 2830 606 2895 λοιπὸν
625 2835 701 2895 ἐστω
719 2834 811 2917 κάμοί
835 2834 853 2901 ἡ
872 2832 960 2894 εἰκὼν
980 2833 1096 2920 ἀγαθῆς
1112 2833 1307 2920 παράστασις
1327 2836 1468 2920 γνώμης,

375 2944 451 3005 ἔστω
475 2936 583 3005 δὲκαὶ
612 2940 726 3029 χειρός.
757 2943 863 3010 Στήσω
890 2939 1000 3009 ταύτην
1027 2938 1100 3003 ὅπου
1126 2938 1230 3003 καλόν·
1257 2942 1281 3003 εἰ
1310 2939 1362 3026 μὲν
1385 2941 1471 3009 ἔνδον

373 3059 426 3126 τῆς
440 3039 798 3130 πόλεως,ἐπαινέσονται
814 3048 866 3136 μὲν
884 3051 910 3113 οἱ
929 3049 1049 3113 πολῖται
1066 3049 1118 3119 τὴν
1136 3048 1301 3140 αύτουργὸν
1318 3059 1371 3126 της
1383 3055 1468 3118 εἰκό-

372 3183 421 3232 νος
434 3170 543 3251 χεῖρα,
559 3159 592 3224 ού
606 3156 686 3235 ξένον
699 3185 749 3247 μοι
769 3155 804 3223 δέ
816 3184 845 3224 τι
859 3162 1038 3250 γενήσεται,
1054 3162 1079 3223 εἰ
1093 3157 1166 3250 παρ’
1182 3159 1281 3224 αὐτῶν
1295 3159 1469 3249 ἐπαινοίμην

371 3268 444 3362 παρ’
465 3263 505 3334 ὧν
532 3270 677 3345 πολλάκις
705 3264 844 3334 εἰδότωνὁ
866 3265 1015 3357 ἐδεχόμην
1032 3270 1082 3334 τὸν
1103 3273 1236 3335 ἔπαινον.
1257 3274 1362 3341 Στήσω
1384 3275 1469 3363 παρά

373 3380 511 3469 λιμένας,
538 3384 608 3446 ἔνθα
630 3383 682 3446 καί
708 3377 783 3456 ξένοι
803 3382 1013 3471 καταίρουσιν.
1042 3361 1205 3472 Ιλιρέλξεται
1229 3384 1281 3446 καὶ
1304 3382 1427 3458 τούτους
1449 3387 1469 3454 ἡ

408 3695 467 3746 Ἐκ
500 3696 547 3747 hee
570 3696 707 3761 imperfecti
735 3697 812 3746 forma
840 3706 908 3761 patet
935 3697 1099 3762 perstringere
1120 3707 1145 3746 et
1166 3696 1253 3746 leviter
1268 3695 1401 3760 attingere,
1422 3695 1469 3745 de-

374 3773 457 3824 thema
484 3773 552 3825 verbi
575 3790 630 3824 esse
653 3790 703 3824 nou
728 3777 905 3843 διασκαριράω,
935 3774 1044 3825 scribere
1055 3773 1149 3824 leviter.

373 3851 522 3907 leucorum,
535 3852 579 3902 sed
589 3854 747 3922 διασκαριρέω
760 3852 798 3902 vel
808 3854 910 3903 διασκα-
969 3850 979 3876 ’
991 3853 1109 3903 Homerus
1121 3853 1151 3902 ll.
1162 3853 1192 3911 4,
1203 3854 1266 3911 449,
1277 3852 1377 3902 Eridem
1387 3852 1470 3902 Martis

371 3936 460 4003 ριρόω,
475 3944 500 3983 et
513 3933 580 3984 illam
599 3933 786 3999 potius‚quum
806 3933 910 3983 nitentur
935 3946 1045 3982 sororem
1072 3931 1212 3982 describens
1235 3951 1241 3979 ε
1261 3931 1312 3981 Ἔτ’
1335 3931 1401 3993 ὀλίγη
1427 3938 1469 3996 μὲν

321 4011 322 4015 ’
373 4011 456 4062 aoristi
479 4013 723 4082 διεσκαριρησάμεθα,
749 4014 910 4081 διασκαριρή-
936 4021 1028 4080 πρῶτον
1051 4013 1203 4079 κορύσσεται,
1224 4009 1302 4076 αὐτὰρ
1319 4009 1402 4060 ἔπειτα
1419 4010 1471 4059 Οὔ-

372 4094 472 4147 σαοθᾱι,
496 4102 521 4141 et
547 4106 578 4140 ex
608 4091 662 4156 ipso
693 4091 843 4158 Pachymere
873 4090 909 4140 De
935 4099 998 4158 ρανῷ
1007 4092 1114 4158 ἐστήριξε
1125 4093 1249 4155 κάρη,καὶ
1258 4089 1370 4151 ἐπλχθονὶ
1381 4093 1468 4157 βαίνει.

372 4166 484 4219 Andron.
498 4173 527 4228 6,
542 4170 572 4230 3,
584 4186 610 4237 ρ,
627 4171 695 4220 482:
713 4174 810 4220 Πλάτων
825 4170 848 4218 ἐν
860 4173 907 4220 Νό·
969 4166 1051 4216 ⁸Vide
1071 4183 1096 4231 p.
1119 4167 1161 4225 ¹6,
1177 4182 1202 4215 n.
1224 4168 1253 4226 l,
1268 4165 1300 4216 de
1313 4171 1468 4234 καθιστορεῖν,

372 4265 426 4308 μοις
440 4254 466 4296 τὸ
479 4253 642 4317 μισθοφορικὸν
657 4246 908 4317 διεοκαριρήοατο.11)ἰ
936 4245 1001 4309 quod
1020 4255 1045 4293 et
1067 4259 1123 4294 mox
1145 4243 1280 4294 iterabitur.
1302 4244 1425 4309 Sequetur
1445 4254 1469 4293 et

372 4322 506 4385 scholium,
517 4326 649 4378 διελύσατο.
660 4327 687 4376 ln
699 4337 803 4392 utroque
815 4325 908 4388 Pachy-
937 4325 1028 4389 ἱστορία
1042 4338 1087 4387 pro
1098 4321 1179 4372 tabula
1188 4321 1264 4387 picta.

373 4400 483 4451 meriano
499 4403 555 4453 loco
570 4404 692 4469 significat
702 4407 908 4472 διασκαριρεῖοθαι
970 4399 1105 4452 ‘Fortasse
1117 4402 1222 4451 ἰδόντων.
