3684 5659
810 600 968 665 ΜΕΑΕΤΗ
996 589 1034 664 λ’.
1403 594 1470 667 187

375 740 495 829 ροῦσα,
521 733 576 801 οῦκ
603 732 667 813 ἐξὸν
695 732 828 813 οῦδόλως
852 738 938 828 παρὰ
962 746 1021 803 τῶν
1046 737 1143 826 νόμων
1169 736 1259 826 αὐτῇ.
1285 737 1397 825 Νόμοις
1420 729 1471 803 ούν

373 844 550 938 εἰργομένης
568 844 700 926 ἐκείνης,
724 848 826 934 νόμοις
847 846 908 939 ἐγὼ
928 849 1030 925 ἁπλῶς
1047 851 1099 915 καί
1119 844 1247 924 δικαίως
1262 844 1358 937 ταύτῃ
1376 870 1471 919 συνη-

374 964 473 1049 γορῶ.
490 952 621 1023 Δέδοται
639 959 699 1050 μάρ
716 958 750 1023 τὸ
768 955 840 1049 ὑπὲρ
857 967 916 1025 τῶν
932 961 1047 1047 ἀτίμων
1063 959 1157 1054 λέγειν
1176 957 1309 1050 ἐτέρους,
1329 960 1371 1047 μή
1387 982 1468 1044 πως,

374 1073 476 1133 εἵπου
493 1092 522 1132 τι
539 1062 659 1134 δίκαιον
675 1072 787 1157 ἔχοιεν,
807 1070 1020 1161 παρορώμενον
1038 1071 1232 1161 ἀρανίζοιτο,
1255 1069 1307 1134 καί
1329 1068 1363 1134 τὸ
1384 1068 1472 1159 μέρος

373 1176 496 1244 ἐκείνων
520 1179 547 1244 οί
571 1180 719 1270 κρίνοντες
742 1175 890 1245 ἀδικοῖεν.
914 1161 1038 1247 Ᾰδικεῖν
1066 1176 1100 1245 δὲ
1122 1177 1192 1257 τοὺς
1214 1179 1412 1267 ὀμωμοκότας
1432 1180 1472 1244 τὰ

376 1283 487 1356 δίκαια
507 1291 617 1381 κρίνειν
640 1292 676 1356 ού
697 1315 749 1379 μοι
774 1286 957 1380 δοκεῖέχειν
978 1292 1012 1357 τό
1033 1289 1168 1382 εύλογου.
1190 1295 1295 1381 Κιχρῶ
1316 1292 1413 1356 τοίνυν
1434 1297 1471 1379 τῇ

375 1399 469 1490 πόρνῃ
485 1400 540 1471 τὴν
555 1396 723 1492 μλῶτταν’,
743 1403 815 1480 καί,
835 1399 948 1478 ταύτης
965 1396 1100 1467 ἐκποδὼν
1117 1403 1226 1485 οὔσης,
1244 1399 1305 1493 ἐγὼ
1320 1400 1472 1491 παρῆλθον

375 1506 448 1601 ῦπὲρ
475 1518 535 1577 τῶν
559 1509 673 1587 ἐκείνης
696 1507 787 1589 λέξων
809 1507 951 1597 δικαίων,
975 1514 1047 1592 καί,
1072 1510 1142 1578 ὅσον
1166 1514 1230 1577 ἔστι
1255 1509 1349 1600 ταύτρ
1373 1510 1471 1587 τὸείς

373 1616 521 1705 βοήθειαν
538 1619 572 1687 ἐκ
588 1629 647 1687 τῶν
664 1629 718 1698 τῆς
734 1621 849 1698 πόλεως
865 1623 977 1711 νόμων,
998 1628 1086 1689 τοῦτο
1104 1624 1308 1714 παραστήσων
1320 1618 1403 1708 ὑμῖν.
1423 1620 1471 1692 Μὴ

374 1735 448 1822 γοῦν
465 1730 511 1797 ότι
533 1730 629 1804 ἐκείνη
646 1731 772 1804 τοιαύτη
792 1734 942 1798 σκοπείτω
959 1751 1022 1811 τις·
1048 1731 1132 1818 ἀλλ’,
1157 1732 1203 1799 ότι
1225 1741 1286 1809 πᾶς
1306 1757 1352 1808 τις
1375 1729 1471 1822 λέγειν

375 1839 449 1935 ῦπέρ
467 1841 596 1927 ἑαυτοῦ,
616 1845 669 1909 καί
688 1843 759 1909 ὅσον
776 1850 872 1910 οἴεται
889 1841 1052 1930 βοηθήσειν
1068 1844 1151 1932 αὐτῷ
1170 1843 1318 1936 ἐφειμένον
1335 1845 1399 1931 ἔχει
1417 1844 1469 1908 καί

375 1954 478 2041 νόμοις
498 1949 694 2041 ἐκδεδομένον
713 1955 766 2019 καί
788 1957 886 2041 ἔθεσι,
911 1950 1024 2021 διδότω
1046 1956 1101 2031 τάς
1122 1955 1237 2039 ἀκοοίς,
1262 1954 1314 2020 καί
1336 1951 1471 2018 ἀκουέτω

377 2063 432 2130 οῦκ
454 2063 550 2141 οιῦτὴς
574 2065 688 2141 ἐκείνης
711 2061 902 2151 διεξιούσης,
930 2065 999 2131 ἀλλ’
1024 2065 1097 2155 ε’μοῦ
1121 2064 1271 2158 λέγοντος.
1296 2067 1388 2153 Τοίχα
1410 2064 1470 2156 γὰρ

376 2174 508 2241 ἐντεῦθεν
527 2176 692 2262 συνιέντες,
716 2177 797 2243 κατὰ
819 2177 872 2249 τὴν
894 2185 953 2243 τῶν
975 2178 1072 2265 νόμων
1092 2178 1292 2267 ἀποραυεῖσθε
1310 2172 1468 2261 βούλησιν,

376 2288 428 2353 καί
444 2286 501 2353 οῦκ
517 2287 556 2353 ἀν
569 2287 670 2365 ἀλλως
683 2289 768 2380 παρόι
783 2293 836 2353 τοῦ
850 2293 957 2379 πικροῦ
974 2287 1081 2354 τούτου
1097 2290 1223 2380 ῥήτορος
1237 2287 1471 2378 πιθανολογοῦν·

376 2422 427 2475 τος
442 2402 704 2491 παρατραπείητε.

424 2490 452 2575 ὁ
467 2508 522 2598 μὲν
539 2502 609 2577 σῦκ’
623 2510 728 2602 παρὼν
743 2510 826 2603 ἀγὼν
844 2510 955 2598 τόλμην
967 2508 1020 2597 μὲν
1033 2513 1097 2599 ἔχει
1111 2510 1220 2602 πόρνης
1237 2508 1289 2573 καί
1304 2509 1471 2595 ἀναισχυν·

376 2621 458 2705 τίαν,
473 2622 527 2687 καί
540 2626 593 2687 τοῦ
608 2618 754 2713 ύπερορᾷν
767 2629 825 2686 τῶν
839 2619 980 2709 κειμένων
994 2627 1093 2693 οίησιυ
1108 2621 1222 2708 νόμων·
1243 2618 1315 2706 ἐμὴν
1331 2613 1362 2682 δ’
1378 2617 1470 2683 ἀτολ-

377 2733 450 2819 μίαν
466 2733 520 2798 καί
536 2726 651 2797 δειλίαν
669 2734 711 2809 είς
725 2732 760 2797 τό
776 2731 871 2823 ταύτῃ
889 2742 1078 2824 συνηγορεῖν.
1097 2732 1163 2824 Χρὴ
1181 2726 1215 2796 δὲ
1233 2727 1312 2817 ὑμᾶς
1329 2723 1469 2816 μηδόλως

377 2844 617 2934 καταγινώσκειν
634 2842 708 2932 ἐμοῦ
726 2845 883 2936 ἀκαιρίαν,
910 2841 957 2909 ότι
976 2843 1072 2935 λέγειν
1092 2842 1234 2934 ὥρμημαι
1251 2837 1324 2931 ὑπὲρ
1341 2838 1467 2917 ταύτης.

377 2955 414 3018 Ei
434 2951 489 3041 μὲν
506 2955 568 3045 γὰρ
585 2953 754 3046 προυθέμην
775 2949 919 3019 δεικνύειν
939 2955 992 3025 τὴν
1012 2950 1119 3047 πρᾶξιν
1141 2951 1310 3036 ἀνεύθυνον,
1333 2951 1369 3023 ἣν
1392 2950 1469 3023 αὐτὴ

376 3066 538 3144 πεποίηκε,
559 3064 716 3156 φορέσασα
733 3064 773 3128 τόι
790 3067 906 3155 χρυσία
924 3065 976 3129 καί
996 3066 1237 3156 ἀνερυθριοίστως
1254 3061 1283 3126 ἐν
1299 3071 1368 3138 ταῖς
1385 3058 1469 3138 ὁδοῖς

376 3173 592 3263 πομπεύοντα,
617 3182 676 3240 τῶν
692 3175 788 3261 νόμων
804 3173 978 3239 κωλυόντων
994 3181 1151 3267 ἄντικρυς,
1171 3181 1246 3250 ἴσως
1262 3173 1299 3238 ἀν
1317 3173 1369 3238 καί
1388 3172 1468 3238 πολ-

374 3284 439 3365 λοῖς
450 3281 590 3370 ἐδόκουν,
605 3285 720 3374 μᾶλλον
736 3281 770 3351 δὲ
787 3287 840 3351 καί
856 3293 949 3350 πᾶσιν
964 3287 1183 3374 ἀναίσχυντος,
1203 3285 1255 3350 καί
1272 3282 1360 3349 πλέον
1374 3282 1468 3374 ρέρων

375 3402 449 3490 ἥπερ
470 3398 491 3469 ἡ
513 3397 606 3489 πόρνη
629 3397 663 3462 τό
687 3392 818 3486 αἶσχος,
844 3399 869 3462 εί
890 3398 988 3488 ῥήτωρ
1007 3395 1047 3461 ὢν
1067 3396 1145 3487 ἐγώ,
1167 3397 1220 3461 καί
1237 3395 1339 3481 νόμοις
1356 3417 1467 3458 συντε-

376 3506 545 3600 θραμμένος
565 3508 617 3573 καί
637 3512 690 3573 τοῦ
711 3504 911 3599 δικαστηρίου
931 3508 1051 3572 τουτουί
1066 3505 1224 3596 τρόριμος,
1242 3502 1359 3569 τοιαῦτ’
1376 3502 1467 3568 ἐτόλ-

375 3642 439 3706 μων
452 3617 552 3711 λέγειν
568 3620 621 3685 καί
640 3619 749 3684 ὡσανεί
768 3617 980 3711 τερατεύεσθαι
998 3613 1029 3693 ἐξ
1047 3609 1087 3682 ὧν
1103 3615 1200 3705 ἐκείνῃ
1218 3612 1271 3702 μὲν
1288 3621 1362 3690 ἴσως
1378 3638 1467 3680 συνε-

373 3730 539 3821 γινώσκετο
574 3726 709 3796 ...σθαι8
741 3726 881 3812 δίκαιος,
909 3732 935 3794 εί
966 3726 1107 3800 τοιαύτην
1137 3728 1249 3816 τόλμηυ
1276 3725 1392 3815 τολμᾷν
1418 3726 1464 3793 ἐπί

374 3842 493 3907 πάντων
514 3835 614 3929 ὑμῶν*
633 3841 773 3931 ἤμελλον,
796 3848 930 3906 νικῶσαν
948 3841 1001 3905 καί
1019 3839 1072 3911 τὴν
1088 3847 1141 3916 τῆς
1156 3840 1265 3931 πόρνης
1285 3838 1462 3929 παραπολύ·

374 3949 457 4031 ἀλλ’,
483 3946 587 4023 ἐπειδὴ
611 3954 755 4044 προτείνει
779 3949 832 4040 μὲν
851 3941 938 4028 οῦτος
957 3952 1047 4040 νόμον
1070 3952 1153 4017 κατά
1175 3960 1228 4028 τῆς
1252 3947 1406 4040 πράξεως,
1431 3951 1465 4016 τό

373 4063 532 4155 πρόςτιμον
552 4058 586 4129 δὲ
605 4059 787 4151 βουλόμενος
802 4071 969 4155 παριστᾷν,
990 4058 1204 4154 παρεξηγεῖται
1223 4061 1273 4125 τὸν
1289 4060 1391 4161 νόμον,
1411 4062 1464 4126 καί

406 4268 558 4341 ’Κιχρωηα
580 4271 698 4337 γλῶτταν]
716 4272 772 4324 vide
791 4274 905 4340 superius
968 4271 1079 4323 'luserui
1111 4282 1202 4337 puncta
1232 4271 1328 4338 tignum
1361 4271 1464 4324 lacuuae.

373 4361 399 4411 p.
415 4346 472 4407 167,
486 4362 512 4396 n.
526 4346 551 4397 ί).
932 4351 1031 4403 schoht
1043 4354 1116 4401 λιίπιι
1129 4358 1220 4416 στίχος.

406 4422 416 4449 ¹
427 4422 526 4476 Schol.:
540 4425 647 4495 διύτιρον
658 4435 789 4495 προοίμιον.
967 4429 1084 4491 ‘Codex‚
1097 4435 1171 4496 ἡμῶν.
