3684 5659
801 628 958 692 ΜΕΑΕΤΗ
984 618 1043 692 1A'.
1397 628 1469 699 227

422 764 483 829 Διά
509 768 598 829 τοῦτο
624 762 731 830 ἐλεεῖτε
757 764 808 829 τὸν
834 763 952 855 πατέρα
974 760 1137 849 δύστηνον,
1159 764 1219 854 οὐχ
1244 760 1331 838 ἧττον
1353 762 1408 832 διὰ
1431 771 1470 834 τά

371 871 488 965 ύστερα
502 878 603 939 ταῦτα
620 874 640 945 ή
657 875 698 939 τά
715 874 861 966 πρότερα.
882 876 942 940 Καί
962 878 987 940 εί
1006 873 1059 963 μὲν
1076 872 1220 960 βούλεταί
1236 899 1299 962 τις,
1321 878 1470 965 μιμείσθω

371 984 424 1049 τὸν
441 983 549 1061 ζῆλον·
572 987 597 1049 τί
616 980 646 1049 δ’
666 977 730 1069 οὖν,
750 982 880 1060 ἕκαστος
900 986 940 1049 τά
959 982 1070 1050 ἑαυτοῦ
1088 985 1256 1078 στεργέτω,
1274 987 1363 1078 κάγὼ
1379 984 1467 1054 τάδε.

371 1093 439 1160 Κάν
452 1094 520 1170 οἶός
533 1118 577 1182 τῳ
594 1090 999 1185 εύδοκιμῇ,·.ἀποδεχέσθω,
1017 1097 1070 1161 καί
1088 1098 1213 1187 κρείττω
1229 1104 1282 1174 τής
1297 1092 1379 1173 ἰδίας
1392 1101 1471 1174 ζωῆς

372 1205 429 1278 τήν
443 1209 498 1271 τοῦ
514 1201 772 1297 παιδὸςήγείσθω
781 1251 792 1288 ,
809 1206 861 1270 καί
877 1204 966 1270 πλέον
980 1204 1075 1294 ἐχέτω
1091 1208 1125 1271 τὸ
1143 1209 1271 1295 αὔχημα
1288 1206 1335 1273 ἐπ’
1349 1206 1451 1295 ἐκείνῳ
1457 1255 1468 1293 ,

372 1318 400 1381 εί
412 1314 612 1409 χρησιμεύει,
627 1315 775 1392 πολλάκις
788 1317 940 1407 χρήσιμος
953 1314 1116 1408 γεγονώςί·
1132 1318 1188 1382 κάν
1201 1317 1371 1394 ἀκόλαστος
1383 1313 1403 1408 ᾗ
1416 1321 1469 1383 καλ

372 1427 555 1517 ἀνάγωγος,
576 1427 768 1509 νοοθετείτω,
798 1423 1035 1518 σωφρονιζέτω’,
1059 1427 1202 1502 ποικίλως
1229 1428 1282 1498 τήν
1310 1430 1470 1518 θεραπείαν

372 1534 655 1628 μεταχειριζέσθω,
685 1542 714 1601 τί
739 1560 803 1611 πως
832 1531 1070 1626 παιδαγωγήσω
1102 1538 1154 1603 καί
1185 1538 1412 1610 ἀνακτήσαιτο·
1444 1543 1469 1604 εί

372 1641 404 1711 δ’
423 1637 493 1732 σύν,
519 1645 599 1711 ἀλλὰ
620 1646 673 1711 καί
698 1644 850 1710 κτεινέτω.
875 1650 1016 1738 Κρεῖττον
1039 1642 1162 1712 ἄπαιδα
1185 1644 1262 1713 εἶναι
1284 1648 1470 1719 όντιναούνῆ

371 1752 567 1823 κακάσαιδα.
592 1736 698 1823 ἐκεῖνο
720 1757 781 1848 γὰρ
806 1757 948 1837 ἀνεκτόν,
974 1758 1026 1822 καί
1048 1757 1082 1821 τὸ
1103 1759 1200 1833 ποίθος
1221 1752 1301 1823 οίδεν
1321 1760 1340 1829 ή
1362 1757 1466 1849 φύσις·

372 1870 464 1933 τοῦτο
480 1861 516 1931 δὲ
532 1868 585 1933 καί
603 1865 692 1959 φύσιν
710 1864 864 1957 ἀλλοτρισῖ
877 1868 929 1932 καί
948 1874 1007 1933 τῶν
1024 1869 1212 1933 ἀννπσίστων
1230 1866 1323 1933 ἐστίν.

422 1971 512 2045 Οἶδα
531 1975 679 2052 πολλάκις
698 1978 918 2064 θανμάσαντσίς
942 2002 1000 2065 μου
1022 1978 1075 2049 τήν
1098 1980 1254 2069 ἀριστείαν
1275 1975 1371 2066 ὑμᾶς·
1399 1974 1471 2045 οἶδα

373 2084 477 2155 λαύῶν
491 2085 567 2181 παρ’
583 2084 666 2176 ὑμῶν
682 2086 821 2164 ἐπαίνους
837 2089 889 2152 καὶ
908 2088 1034 2178 κρότους
1050 2089 1103 2153 καί
1122 2083 1257 2180 δωρεάς·
1279 2084 1351 2154 οἶδα
1368 2110 1472 2181 συνερ-

373 2195 522 2287 χομένους
540 2197 608 2286 αίμα
629 2199 738 2281 παισί,
761 2199 814 2262 καὶ
839 2200 880 2263 τὰ
903 2196 1035 2264 ἐπινίκια
1059 2197 1196 2274 θύοντας.
1215 2198 1275 2265 Καί
1297 2199 1313 2263 ὁ
1333 2199 1472 2290 ἀριστεὺς

372 2288 442 2373 τότε
460 2316 517 2385 τῆς
537 2306 592 2397 μὲν
613 2309 769 2400 ἀριστείας
792 2304 1037 2397 εύδαιμονίζετο,
1057 2315 1112 2383 τῆς
1131 2303 1164 2372 δὲ
1182 2309 1381 2384 κακοτεκνίας
1397 2309 1471 2375 έτα-

374 2416 526 2495 λανίζετο.
546 2424 614 2496 Πῶς
629 2422 728 2485 οίεσθε
744 2418 839 2511 φέρειν
855 2444 892 2507 με
908 2420 962 2490 τήν
978 2417 1092 2509 ἡμέραν
1108 2416 1234 2501 ε’κείνην,
1253 2419 1306 2483 καί
1321 2421 1389 2484 τίνα
1405 2426 1472 2485 νοῦν

374 2530 457 2618 έχειν
472 2527 522 2595 έπλ
539 2538 605 2606 τοῖς
622 2527 828 2617 τελοομένοις;
849 2511 1071 2619 Ᾰνελογιζόμην
1089 2527 1127 2591 ἀν
1144 2527 1197 2596 τήν
1220 2526 1367 2617 εὐφημίαν
1383 2528 1402 2599 ἢ
1418 2530 1472 2600 τήν

375 2638 449 2727 τ’μήν
470 2641 644 2731 συμφοράν,
667 2638 737 2714 τούς
757 2647 811 2714 τῆς
832 2641 916 2715 νίκης
939 2639 1063 2731 κρότους
1078 2636 1098 2707 ἢ
1116 2637 1149 2701 τό
1166 2644 1219 2713 τῆς
1238 2637 1339 2726 ψυχῆς
1355 2640 1470 2719 πόθος;

374 2748 523 2827 πολλάκις
536 2745 753 2841 ἀπελεγόμηνί,
770 2748 965 2833 πιστεύσατε,
982 2749 1034 2812 καὶ
1048 2747 1121 2838 πρὸς
1134 2746 1227 2818 αὐτὴν
1240 2748 1293 2819 τήν
1310 2750 1401 2825 ζωήν,
1418 2750 1471 2813 καί

374 2858 481 2931 ἤθελον
509 2844 630 2926 κεῖσθαι
658 2861 744 2952 παρὰ
770 2860 821 2924 τὸν
847 2859 976 2947 πόλεμον
999 2860 1120 2950 νεκρός,
1148 2859 1349 2944 ἀναίσθητος,
1373 2859 1393 2930 ή
1420 2864 1473 2949 ζῇν

376 2965 472 3047 οὕτως
490 2970 620 3056 ἀθλίως,
642 2972 700 3038 κᾶν
720 2970 885 3062 ε’πιρνούμην
906 2977 1008 3036 νικῶν.
1026 2969 1107 3046 Τέως
1124 2968 1188 3057 ἐμοὶ
1209 2967 1262 3057 μὲν
1279 2967 1373 3046 ούτως
1390 2967 1473 3047 ἔδοξε

375 3082 475 3170 μόνως
487 3083 594 3174 μικρὸν
606 3085 721 3148 ἀνεῖναι
734 3090 788 3158 τῆς
801 3080 913 3167 λύπης,
932 3085 957 3146 εί
971 3082 1012 3169 μή
1027 3084 1087 3156 ζῶν
1101 3080 1116 3145 ὃ
1129 3089 1202 3156 παῖς
1213 3085 1348 3156 τοιοῦτος
1362 3081 1469 3172 ὁρῷτο·

376 3188 463 3279 ὑμεῖς
479 3186 514 3256 δέ
530 3190 597 3258 ἀλλ’
616 3191 696 3268 ὅπως
715 3193 752 3257 ἂν
771 3191 898 3257 ἐθέλοιτε
916 3187 1063 3279 δέχεσθαι
1081 3191 1114 3254 τὸ
1131 3189 1281 3282 πραχθέν,
1300 3190 1357 3256 κάν
1373 3190 1472 3256 κολά-

377 3304 440 3379 ζειν
451 3297 531 3387 δέοι,
547 3303 604 3368 κάν
616 3302 749 3394 ἀφιέναι,
765 3301 799 3368 ού
813 3298 1009 3393 διαφέρομαι.
1030 3281 1191 3390 Ᾰγαπητὸν
1205 3298 1250 3366 ότι
1265 3299 1320 3372 οὐκ
1333 3302 1473 3391 εἷςπραίτ·

377 3436 470 3503 τομαι
482 3409 575 3490 δίκας
588 3409 792 3506 ῥιψάσπιδος,
812 3412 847 3478 ού
863 3409 1072 3503 φυγοπολέμον
1085 3411 1195 3500 τρόπον
1210 3408 1399 3496 κολοίζομαι,
1419 3410 1473 3476 οὐκ

376 3522 453 3595 σἸλσ
463 3518 495 3591 ’τι
508 3532 568 3593 τῶν
580 3518 683 3591 δεινῶν
697 3523 915 3616 ἐγκαλούμενον
928 3522 943 3585 ὁ
958 3518 1028 3586 κατ’
1041 3518 1114 3606 ἐμοῦ
1130 3517 1224 3610 λέγων
1237 3527 1305 3595 ταῖς
1317 3515 1474 3611 ὑμετέραις

377 3635 493 3727 ψήφοις
513 3636 607 3727 αἱρεῖ.
635 3616 781 3729 Ᾰριστεύς
803 3636 1004 3716 ἀποθνήσκω,
1030 3632 1083 3697 καὶ
1111 3629 1200 3694 τόσον
1222 3637 1335 3722 φρονῶν
1357 3631 1397 3694 τὰ
1421 3638 1475 3707 τῆς

377 3745 513 3830 πόλεως,
532 3746 607 3825 ῶςτε
629 3743 703 3836 μηδ’
721 3746 885 3836 ἀνέχεσθαι
908 3743 1003 3829 ὅλως,
1030 3744 1055 3806 εί
1076 3741 1117 3829 μὴ
1133 3740 1201 3806 όλον
1218 3740 1303 3832 γένος
1320 3739 1390 3829 ἐμόν
1408 3749 1476 3818 ταῖς

379 3858 549 3949 ἀριστείαις
570 3853 808 3934 συνεξετάζοιτο.
833 3856 921 3921 Εἰσὶν
944 3855 1079 3966 ἀριστεῖς
1098 3853 1150 3918 καί
1176 3850 1205 3917 ἐν
1229 3848 1324 3938 ᾅδου,
1348 3851 1477 3929 εὐκλεῶς

378 3968 522 4046 πεσόντες
538 3964 612 4035 ὅπου
626 3976 690 4044 τοῖς
705 3967 782 4043 νέοις
797 3969 915 4033 πίπτειν
929 3964 1036 4030 καλόν.
1055 3968 1174 4030 Εκεῖνοι
1190 3963 1335 4050 μαθόντες
1354 3962 1474 4048 θανμοί·

380 4102 506 4166 σονται,
523 4076 632 4147 ἐκεῖνοί
647 4102 684 4167 με
701 4086 755 4155 τῆς
769 4077 907 4169 γνώμης,
929 4077 970 4153 ὡς
987 4075 1087 4160 εἰκός,
1108 4065 1335 4147 ἀποδέξονταιί.

414 4289 552 4343 'Fortasse
571 4310 578 4341 τ
601 4295 616 4349 ss
639 4293 660 4342 εἰ
682 4291 820 4361 χρησιμεύει
843 4288 914 4347 αὖτδς
975 4281 1152 4348 ’λπιλεγόμηή
1164 4281 1228 4332 idem
1238 4281 1338 4332 verbum
1351 4298 1377 4346 p.
1391 4282 1476 4342 65,3.

381 4371 449 4421 πσλλ.
977 4362 1069 4424 wod„
1088 4362 1265 4422 ἀποδέξωνται,
1288 4360 1431 4427 permutatis
1445 4360 1477 4409 de

414 4444 426 4473 ¹
437 4446 513 4509 com,
524 4452 707 4517 σωφρονιζίσθω.
944 4457 1012 4497 more
1026 4463 1044 4493 ω
1058 4450 1083 4492 et
1093 4461 1115 4492 ι.
1129 4439 1291 4502 Heliodorus,
1307 4441 1373 4499 1.24
1386 4459 1392 4490 ι
1407 4442 1433 4497 ἣν
1444 4448 1477 4505 τῷ
