3684 5659
750 616 906 679 uuuutu
932 607 981 680 ς’.
1364 620 1404 688 ‘tt

366 748 443 816 Τὸνί
456 748 510 838 μὲν
523 742 574 815 οὖν
586 745 682 837 δῆμον
692 749 721 815 ἐν
735 750 837 839 ταύτῷ
845 753 994 844 χαίροντά
1006 778 1036 818 τε
1050 757 1102 819 καί
1115 757 1281 846 ἀχθόμενον
1293 754 1408 842 βλέπω·

319 864 470 952 χαίροντα
493 860 547 949 μὲν
570 856 617 937 οἷς
638 859 683 927 ότι
707 857 789 927 ίδίαν
812 863 865 933 τὴν
884 865 1041 953 ἀριστείαν
1059 863 1189 941 ἕκαστος
1212 873 1326 953 οἴεται,
1350 868 1414 945 ἑνός

318 997 399 1049 τινος
422 972 674 1066 ἀριστεύσαντος,
698 975 867 1061 ἀχθόμενον
893 970 928 1039 δὲ
951 975 1041 1041 πάλιν
1058 976 1104 1068 ἐρ’
1128 972 1173 1053 οἷς
1190 978 1224 1043 ού
1245 978 1315 1044 κατ’
1339 981 1412 1071 ἀρι-

319 1094 403 1162 στεῖς
425 1085 556 1170 ἄλλους,
575 1084 706 1170 πολλῶν,
732 1085 774 1160 ὡς
791 1086 875 1162 εἰκός
881 1132 892 1169 ,
910 1086 1076 1175 γενομένων
1097 1087 1239 1154 τοιούτων
1255 1098 1292 1178 τῇ
1308 1089 1410 1175 πόλει,

319 1199 372 1262 καί
391 1197 407 1262 ὁ
425 1197 530 1289 παρὼν
546 1194 689 1289 ἀριστεὺς
706 1187 793 1272 οὗτος
816 1202 939 1285 ᾔτησεν,
959 1197 1042 1276 ἀλλ’,
1063 1197 1157 1291 ὥςπερ
1176 1206 1228 1283 ἀν,
1247 1199 1413 1289 ἀριστεύειν

320 1308 428 1395 μαθὼν
448 1307 518 1373 κατ’
536 1306 665 1398 ἐχθρῶν,
689 1309 742 1372 καί
763 1309 845 1373 κατὰ
865 1316 919 1384 τῆς
939 1308 1054 1384 πόλεως
1078 1305 1242 1398 ἐδοκίμασε
1265 1314 1415 1401 χρήσιμον

320 1414 503 1484 εἶναιτοῦτο
521 1420 573 1484 καί
591 1423 772 1507 πανταχοῦ,
797 1414 874 1483 οὕτω
898 1420 1024 1506 μετῆλθε
1042 1419 1096 1485 σὺν
1113 1416 1192 1509 δόλῳ
1209 1422 1261 1491 την
1279 1428 1413 1506 αἴτησιν,

320 1532 374 1597 καί
399 1529 496 1601 ἀλλην
523 1529 629 1601 καινὴν
651 1532 820 1622 ἀριστείαν,
840 1533 865 1594 εἰ
890 1528 943 1617 μὲν
967 1527 1109 1614 βούλοιτό
1129 1556 1175 1607 τις
1197 1531 1306 1623 λέγειν,
1334 1533 1415 1599 κατὰ

320 1640 467 1725 πολίτου,
486 1637 560 1706 εἶδ’
578 1632 643 1715 οὖν,
662 1643 744 1705 κοιτά
762 1665 797 1731 γε
815 1648 875 1706 τῶν
891 1636 1037 1707 διδόντων
1051 1639 1132 1730 ὑμῶν
1143 1642 1286 1714 ἠθέλησεν
1296 1645 1416 1730 ἀπορῆ-

321 1777 372 1818 ναι
387 1754 443 1824 τήν
456 1755 598 1845 σήμερον.
614 1731 688 1847 Ιλγὼ
706 1745 739 1816 δὲ
759 1752 792 1817 τὸ
810 1749 864 1841 μὲν
880 1750 972 1844 γέρας
987 1751 1002 1817 ὃ
1022 1755 1074 1817 καὶ
1091 1748 1246 1818 δεδώκατε
1265 1749 1414 1841 βούλομαι

321 1863 420 1951 μένειν
437 1862 539 1950 αύτῷ,
556 1865 608 1930 καί
628 1861 683 1928 οὐκ
705 1862 741 1926 ἀν
758 1864 957 1955 ἀποστεροίην
973 1862 1031 1928 κάν
1048 1863 1105 1929 ότι
1122 1864 1174 1930 καί
1193 1863 1273 1940 ὅπως
1290 1870 1413 1954 ᾔτησεν.

321 1978 360 2041 Et
386 1976 449 2067 γὰρ
475 1975 526 2039 καί
554 1968 666 2048 ἄδοξόν
688 1998 718 2038 τι
744 1973 925 2064 προίσχεται
956 1976 1007 2039 καί
1035 1977 1180 2050 ἀπηνείας
1202 1978 1265 2040 ἔστι
1292 1976 1413 2062 μεστόν,

322 2084 408 2170 ἀλλ’,
427 2085 491 2151 ε’πελ
512 2092 574 2151 τῶν
588 2083 765 2168 οιίτούντων,
784 2083 820 2150 οὐ
842 2093 900 2150 τῶν
919 2080 1064 2151 διδόντων
1081 2086 1127 2151 ε’πί
1149 2095 1213 2162 τοῖς
1228 2085 1374 2163 τοιούτοις
1396 2089 1415 2158 ἡ

321 2196 487 2284 βούλησις,
506 2194 577 2285 ὑμῖν
593 2193 646 2283 μὲν
662 2197 715 2261 καί
734 2192 829 2272 οὕτως
846 2195 900 2261 οὐκ
917 2197 955 2261 ἀν
968 2197 1114 2288 μέμφοιτό
1132 2223 1194 2281 τις,
1212 2200 1300 2265 εἶκαὶ
1316 2198 1417 2263 πλείο-

320 2334 377 2386 νοις
394 2315 461 2399 ᾔτει
484 2316 543 2374 τῶν
563 2306 693 2373 πολιτῶν
711 2310 754 2382 είς
771 2309 926 2398 ἀναίρεσιν
943 2311 995 2374 καί
1014 2307 1100 2396 ὑμεῖς
1123 2304 1254 2373 ε’δίδοτε·
1280 2309 1363 2395 αὐτῷ
1382 2304 1416 2372 δὲ

321 2422 374 2487 καί
407 2420 507 2506 μόνῳ,
536 2418 585 2483 ίνοε
615 2413 708 2505 μηδὲν
734 2412 876 2511 δυςχερίς
909 2425 982 2483 είπω
1010 2420 1179 2508 ἀρχόμενος
1206 2423 1259 2482 τοῦ
1294 2416 1413 2510 λόγου’,

323 2529 392 2598 ἀλλ’
407 2523 459 2596 οὖν
477 2532 520 2606 εἰς
533 2525 660 2605 ἀδοξίαν
677 2530 822 2619 μεγίστην
838 2531 878 2594 τὰ
898 2537 952 2604 τῆς
970 2524 1060 2604 δόξης
1073 2529 1110 2592 ἂν
1123 2528 1315 2619 περιΐστατο.

371 2647 433 2708 Τοῦ
450 2640 504 2728 μἐν
525 2632 576 2705 οὖν
592 2639 709 2731 γέρως,
729 2638 800 2733 ὅπερ
816 2640 905 2732 ἔφθην
924 2641 1027 2724 εἰπών,
1043 2641 1094 2705 καί
1110 2647 1164 2713 τῆς
1176 2634 1293 2731 δωρεᾶς
1310 2639 1365 2704 οὐκ
1380 2642 1417 2705 ἀν

322 2749 480 2847 ρθονοίην’
503 2751 599 2840 αύτῷ·
626 2750 694 2817 ἀλλ’
719 2750 815 2841 ε’χέτω
836 2752 940 2827 καθὼς
959 2757 1066 2840 ᾔτησε·
1092 2751 1142 2816 τὸν
1162 2745 1195 2815 δὲ
1218 2755 1270 2815 τοῦ
1295 2750 1416 2816 πολίτου

321 2868 411 2957 φόνον
424 2867 478 2931 καί
495 2864 563 2930 λίαν
588 2867 686 2947 ζητῶ,
705 2866 732 2927 εί
749 2857 884 2950 δημότης
898 2863 938 2927 ὢν
955 2854 1042 2938 οὗτος
1058 2865 1111 2928 καὶ
1127 2863 1228 2951 νόμοις
1241 2841 1417 2938 Ιλλληνικοῖς

323 2975 504 3060 ὑπεύθυνος,
523 2980 623 3040 ταῦτα
639 2976 781 3065 πράττειν
795 2972 972 3060 ἐτόλμησεν,
991 2974 1012 3038 ἀ
1027 2965 1100 3061 μηδ’
1120 2973 1149 3038 ἐν
1166 2982 1229 3048 τοῖς
1247 2969 1417 3065 βαρύάροις

324 3092 407 3155 ἔστιν
423 3084 499 3153 ίδείν
517 3087 707 3174 τολμώμενα.

372 3199 495 3264 Μᾶλλον
512 3193 575 3284 δέ’,
596 3194 699 3269 ἐπειδὴ
712 3201 754 3273 είς
769 3195 924 3272 τοιούτους
939 3196 1089 3269 κατέστην
1100 3197 1209 3290 λόγους
1225 3199 1278 3263 καί
1299 3193 1418 3263 δίκαιον

324 3308 430 3385 ἁπλῶς
443 3311 496 3374 καί
513 3305 642 3383 δικαίως
656 3317 719 3383 τοῖς
735 3307 837 3399 λόγοις
851 3311 1048 3398 χρήσασθαι,
1065 3305 1149 3384 ἀξιον
1165 3311 1277 3373 ἀνωθεν
1293 3303 1419 3372 διελθεῖν

325 3419 458 3497 ὅπωςτά
474 3410 545 3486 καθ’
564 3420 648 3508 ἡμᾶς
665 3422 758 3508 ἔσχε,
777 3420 829 3484 καί
843 3418 924 3495 ὅπως
939 3418 1108 3511 στρατηγὸν
1122 3418 1213 3484 αὐτόν
1226 3420 1420 3487 κατεστήσα-

326 3556 394 3619 μεν,
413 3533 467 3598 κοιλ
483 3530 564 3607 ὅπως
582 3529 764 3621 ἀριστεύσας
784 3537 869 3620 ᾔτει,
887 3532 941 3595 καί
960 3532 990 3595 τί
1009 3528 1176 3621 πέπραγεν.
1195 3525 1282 3593 Ούτω
1303 3530 1363 3619 γάρ
1383 3527 1420 3592 ἀν

363 3822 478 3875 'Schola
493 3823 600 3892 δεύτερον
611 3828 744 3893 προοίμιον,
762 3822 786 3883 ἐξ
801 3819 863 3871 ὑπο-
890 3828 949 3876 τοϊς.
965 3818 1049 3870 Obiter
1064 3829 1160 3884 tangam
1176 3818 1290 3885 Epistuiae
1303 3818 1397 3870 initium
1413 3839 1420 3871 τ

329 3901 863 3969 λήγεωςποῦπράγματος,όπονσννειςάγιται
890 3897 967 3954 ἦπου
986 3905 1082 3955 Λευίτης
1098 3903 1109 3949 ὁ
1126 3897 1294 3967 ἀρχιερεύς,ὧ
1313 3905 1419 3966 Δίαγρι,

328 3988 369 4031 καί
380 3989 464 4033 ποτῶν
479 3983 621 4043 δικαζόντων
632 3985 763 4047 πρόςωπον.
889 3983 930 4027 καί
946 3979 1078 4046 Λύσανδρος
1094 3982 1106 4028 ὁ
1120 3979 1295 4042 Σκαμόωνίόης,
1308 3983 1348 4025 καί
1362 3982 1423 4044 Πρι-

362 4058 373 4085 ²
387 4059 478 4110 Simili!
490 4059 601 4110 fortunia.
621 4059 655 4109 ibi
675 4059 740 4124 quod
753 4056 862 4123 conjeci,
889 4062 964 4114 νάπης
981 4061 992 4107 ὁ
1009 4060 1163 4124 Πρωτεύς...
1174 4056 1273 4114 Codex,
1286 4060 1298 4106 ὁ
1313 4056 1422 4122 ἀρχιεύς,

329 4152 357 4203 p.
368 4138 414 4195 tt,
427 4152 453 4187 u.
469 4139 499 4197 t,
510 4152 617 4200 prusens
627 4139 755 4187 coufirmat
768 4136 844 4187 iocus.
889 4135 997 4197 optime,
1009 4134 1083 4183 modo
1093 4135 1228 4198 corrigatur
1240 4130 1375 4200 ῖἘρχιιίις.
1385 4134 1422 4182 ita

363 4215 485 4274 ⁸Cudex,
498 4220 610 4284 ρθοιιίην.
623 4216 769 4266 Permutatio
781 4226 819 4264 est
826 4230 864 4264 so·
889 4222 939 4261 tres
955 4210 1116 4261 Athenienses
1128 4228 1142 4260 a
1160 4212 1250 4276 pupulo
1264 4212 1366 4277 quisque
1378 4227 1423 4262 ειιο

329 4294 372 4345 Ιίῑτι
386 4294 507 4343 vocalium
521 4314 542 4344 ιι
553 4315 585 4345 οι.
597 4294 773 4344 Themistocles
785 4294 855 4358 Epist
889 4290 1055 4354 designantur.
1081 4289 1160 4353 Atque
1181 4288 1239 4339 aubi
1258 4285 1356 4357 ’λρχιιύς
1377 4306 1423 4356 pro

333 4373 376 4433 li,
389 4390 416 4439 p.
431 4374 463 4420 43
474 4393 482 4421 τ
493 4374 609 4431 δεδίττιις
622 4379 697 4439 ἡμᾶς,
712 4374 730 4424 ὦ
747 4378 864 4436 Θεμιστο·
888 4368 993 4438 Ἐρχιεύς
1002 4369 1064 4419 mule
1077 4371 1195 4434 scripturn
1205 4368 1258 4419 fuit.

331 4454 404 4512 κλεῖς,
415 4459 456 4501 καί
466 4453 597 4517 δειμκτεῖς.
609 4450 770 4504 Scribendttm
780 4453 865 4514 διιμυι-
924 4448 1037 4499 ‘Schola
1050 4453 1249 4517 πρτκκτάντυιτις.
