3684 5659
754 616 911 681 nutum
937 606 983 681 τ’.
1140 681 1192 738 “x
1368 623 1413 694 53

316 750 497 840 ποροίημεν,
517 742 632 840 ἀνδρας
655 749 785 840 ἀφοριὼν
806 753 952 840 ίατῇρας,
976 751 1413 851 πλουτοποιούςζῆχρησίμονς

316 858 387 925 κατ’
406 863 548 951 ἐγκαιρου
565 857 665 944 ὑετόν,
687 858 812 952 ἐρατοὺς
829 859 899 925 κατ’
917 860 1081 953 εὐκρασίαν
1099 866 1213 956 ἀέρος’,
1232 867 1356 948 τούτους
1372 875 1413 950 ὡς

308 971 351 1049 ,τό
368 967 464 1058 μηδὲν
484 972 645 1061 ἡγεῖσθαι,
667 971 724 1048 κάν
741 966 902 1037 κινδύνοιεν
919 974 961 1060 μὴ
981 979 1164 1065 φροντίζειν,
1181 981 1238 1044 κᾶν
1254 983 1411 1048 ἀπόλοιντο

316 1081 453 1170 ἀμελεῖν.
478 1085 570 1169 Ομως
592 1078 705 1173 θεῖγρια
727 1088 780 1148 τοῦ
802 1082 893 1173 λόγου
917 1082 1011 1175 σαρές
1032 1086 1047 1149 ό
1066 1091 1170 1178 παρὼν
1187 1093 1284 1182 ἀγών.
1306 1075 1364 1159 lini
1382 1098 1412 1159 τί

315 1193 378 1284 γάρ
402 1191 478 1258 ἀλλο
501 1191 631 1257 ἐνταῦθα
656 1196 842 1281 συνήχθητε,
866 1196 921 1259 καί
942 1207 1105 1288 κατηγορεῖ
1128 1198 1181 1286 μὲν
1201 1195 1408 1290 ἐμοῦίούτος,

316 1304 432 1395 κρίνετε
449 1299 483 1368 δὲ
499 1301 603 1392 ὑμεῖς,
624 1307 648 1369 εί
666 1305 707 1392 μὴ
727 1304 792 1389 ὅτι,
811 1306 854 1392 μή
871 1309 1075 1398 καταιρόντων
1092 1309 1228 1395 ἐκείνων,
1253 1312 1410 1387 ἐπισυνέὸη

315 1423 354 1504 τῇ
370 1415 455 1481 πόλει
473 1411 575 1494 δεινοῖς
591 1414 715 1492 τούτους
731 1415 865 1487 ἠθέλησα
883 1422 953 1506 ζῇν·
973 1417 1090 1495 τούτοις
1107 1422 1285 1513 προειλόμην
1302 1447 1409 1514 συνερ-

316 1535 395 1617 γεῖν,
415 1526 533 1602 τούτοις
549 1537 712 1618 περιποιεῖν
728 1528 762 1592 τὸ
781 1524 953 1595 ἀκίνδυνον.

364 1637 414 1709 Μὴ
431 1642 504 1729 γοῦν
521 1636 566 1705 ὅτι
584 1637 637 1727 μὲν
653 1640 778 1729 ἀγαπᾷν
792 1638 882 1728 ἐχρῆν
896 1641 1020 1717 τούτους
1034 1646 1085 1708 καί
1103 1640 1312 1733 ἀποδέχεσθαι
1325 1647 1408 1739 λέγε,

315 1748 367 1814 τόν
382 1750 492 1840 τρόπον
510 1745 544 1814 δὲ
557 1758 611 1825 τῆς
621 1745 780 1838 ἀποδοχῆς
796 1752 848 1814 καί
866 1759 933 1835 τῆς,
951 1753 992 1828 ὡς
1007 1759 1044 1818 ἀν
1061 1778 1106 1829 τις
1123 1762 1218 1841 εἴποι,
1236 1756 1410 1849 εὐεργεσίας

315 1857 459 1950 ραύλιζε,
478 1861 530 1925 καί
550 1859 595 1926 ότι
612 1858 665 1948 μὲν
681 1870 838 1952 παραινεῖν
855 1857 916 1927 ἔδει
934 1861 1050 1939 τούτοις
1067 1867 1237 1958 συγχώρει,
1258 1868 1359 1945 όίλλως
1375 1865 1409 1934 di

315 1978 473 2060 παραινεῖν
489 1973 541 2036 καί
560 1970 618 2060 οὐχ
635 1969 730 2047 ούτως
747 1973 895 2062 ἀντίφερε.

364 2079 407 2144 Σίν
423 2079 476 2168 μὲν
492 2088 567 2158 ἴσως
588 2079 680 2175 ἐρεῖς*
699 2084 739 2158 ὡς
762 2078 823 2147 ἔδει
841 2087 1023 2170 μισθοῦσθαι
1040 2086 1110 2151 καθ’
1128 2087 1243 2179 ἡμέραν
1258 2091 1406 2182 ῥήτορας,

314 2192 368 2269 καί
387 2187 430 2276 δι’
448 2191 546 2258 αὐτῶν
559 2195 599 2257 roi
611 2202 664 2270 τῆς
676 2195 833 2270 νουθεσίας
846 2193 1019 2286 ἐπιχειρεῖν·
1035 2220 1052 2253 τι
1063 2175 1136 2262 dds
1149 2197 1239 2264 αὐτόν
1257 2223 1291 2264 σε
1306 2223 1322 2256 ν
1331 2245 1344 2281 ,
1361 2199 1409 2265 λε’·

314 2325 376 2393 γων
387 2301 442 2390 ἐμέ
457 2304 559 2395 «πρὸς
571 2313 634 2380 τοῖς
643 2303 742 2391 λιμέσι
760 2307 896 2395 γίνεσθαι
913 2306 1146 2392 καθ’ἑκάστην,
1165 2311 1216 2373 καί
1235 2319 1404 2400 παραινεῖν,

313 2413 356 2490 ὡς
372 2410 455 2503 εἶχες
472 2414 563 2505 λόγου
581 2416 633 2481 καί
651 2416 775 2505 τρόπον,
791 2415 810 2486 ἢ
824 2415 924 2492 ἄλλως
941 2442 1004 2492 πως
1021 2416 1150 2492 ἐκείνους
1165 2417 1280 2508 ἐνάγειν
1297 2421 1339 2494 είς
1354 2419 1408 2508 ρό-

315 2521 367 2589 don
380 2532 441 2590 τῶν
453 2533 508 2600 τῆς
524 2523 681 2601 θαλάσσης
696 2520 842 2591 δεινῶν».
857 2526 916 2590 Καί
931 2524 969 2591 σὺ
987 2524 1040 2614 μὲν
1057 2523 1273 2606 ούτωςείποις,
1290 2528 1408 2602 ἀντεις·

314 2633 409 2727 φόρων
433 2633 486 2723 μὲν
505 2636 540 2701 τὸ
557 2636 599 2723 μὴ
618 2635 769 2727 πραχθέν,
790 2637 942 2727 φαυλίζων
962 2632 995 2701 di
1018 2637 1052 2701 τὸ
1070 2636 1223 2727 πραχθέν·
1239 2635 1300 2727 ἐγὼ
1321 2633 1351 2701 θ’
1366 2643 1407 2724 ᾤ·

313 2747 447 2832 μην-καί
472 2748 557 2830 τότε,
592 2748 644 2817 καί
671 2752 721 2811 νύν
737 2747 834 2838 λέγω,
854 2746 917 2832 ὅτι,
939 2747 979 2824 ὡς
1004 2745 1132 2822 ἕκαστος
1157 2751 1224 2836 ἔχοι
1252 2744 1407 2836 δυνάμεως

259 2850 264 2861 ’
313 2859 366 2921 καί
388 2859 579 2949 προαιρεθείη
601 2857 651 2923 τὸν
667 2857 761 2934 πέλας
778 2858 870 2923 καλὸν
887 2866 999 2941 ποιεῖν,
1024 2857 1078 2922 οὐκ
1096 2862 1159 2947 ἔχει
1175 2858 1298 2924 κωλύειν
1315 2860 1407 2935 ἄλλος

313 2969 365 3033 καί
385 2963 487 3043 ἀξιοῦν
503 2968 537 3032 τό
554 2967 645 3035 καλὸν
662 2967 758 3033 ἐκεῖνο
776 2970 857 3033 κατὰ
870 2970 922 3040 τὴν
942 2968 1054 3035 ἐκείνου
1071 2973 1245 3063 προαίρεσιν
1262 2970 1403 3039 ἐκτελεῖν.

347 3264 494 3317 *Flosculos
507 3267 566 3317 istos
579 3267 678 3318 aliunde
694 3268 846 3333 decerpsisse
875 3267 1005 3317 advertunt
1023 3275 1143 3316 auctores.
1156 3265 1242 3315 Merito
1254 3265 1335 3315 statim
1352 3263 1407 3315 dis·

312 3343 448 3410 sophistem
459 3345 614 3396 manifestum
624 3358 670 3397 est.
874 3346 950 3410 plicet
973 3344 1049 3410 magis
1066 3343 1182 3408 junctura
1202 3346 1224 3392 εἰ
1245 3351 1280 3407 μὴ
1299 3344 1337 3394 ὅτι
1356 3351 1405 3407 μή,

346 3421 512 3474 'Plutarchus
533 3423 564 3475 de
586 3426 692 3475 Homero
717 3424 744 3473 V.
772 3425 844 3475 Hom.
874 3441 934 3490 quas
955 3424 1053 3473 voculas
1075 3424 1096 3472 si
1118 3422 1301 3488 pronuntiando
1324 3431 1407 3471 orator

312 3498 390 3568 §208
407 3521 414 3551 ι
430 3505 557 3557 ἐπίσταται
577 3505 602 3553 δὲ
618 3510 657 3553 καί
672 3505 745 3570 ἀέρων
761 3502 851 3569 ιῖικρα-,
872 3505 987 3554 misceret
997 3502 1035 3552 vel
1043 3502 1131 3560 lector,
1140 3509 1167 3550 ut
1175 3499 1272 3548 miscuit
1281 3498 1405 3560 librarius,

313 3586 366 3630 σῖαν
377 3576 545 3644 constannens
556 3587 782 3648 παρασκευαστικόν.
797 3579 845 3629 Po·
873 3582 996 3632 auditores
1008 3579 1077 3630 multi
1095 3580 1135 3627 vix
1148 3577 1293 3628 seutentiam
1311 3577 1407 3628 intelli-

312 3657 392 3725 lybius
405 3659 530 3719 Athernei,
541 3663 572 3720 8,
587 3664 595 3707 1
609 3679 615 3709 ι
628 3662 668 3710 διὰ
676 3669 717 3716 τὴν
728 3665 770 3710 τοῦ
779 3661 847 3727 ἀέρος
872 3670 971 3724 gerent,
986 3658 1072 3724 quibus
1086 3658 1123 3708 ότι
1134 3665 1168 3721 μή
1180 3666 1244 3705 esset
1252 3672 1297 3720 pro
1309 3674 1320 3699 τ
1332 3655 1379 3705 nisi
1392 3673 1404 3700 s

312 3737 436 3805 ἀκρασίαν
449 3745 490 3789 καί
508 3746 541 3793 τοι
559 3748 610 3802 ζῶα
628 3742 744 3804 πολύγονα
763 3745 803 3788 καὶ
822 3741 844 3788 οῖ
872 3749 897 3788 et
909 3742 930 3788 εἰ
943 3745 977 3802 μή
999 3753 1043 3801 pro
1065 3735 1132 3784 «nisi
1144 3754 1166 3784 ι.
1189 3736 1337 3798 Interposita
1352 3735 1406 3784 vir-

313 3817 439 3885 ἄνθρωποι.
872 3817 937 3880 guia.
952 3815 1077 3879 locusjnm
1091 3831 1139 3865 non
1154 3824 1192 3863 est
1209 3813 1337 3863 obscurus.
1356 3813 1405 3863 Su-

344 3894 356 3921 ⁸
367 3897 396 3947 ln
410 3894 467 3946 cod.
482 3896 540 3958 ῖμοῦ
555 3904 593 3944 est
602 3895 698 3945 lineolis
708 3893 844 3952 inductum,
872 3911 926 3944 mus
945 3896 969 3944 in
993 3891 1230 3957 interpunctionibus
1250 3890 1326 3940 multo
1346 3889 1405 3939 dili-

311 3973 457 4039 punotisque
473 3971 558 4023 subtus
573 3981 692 4023 notatum.
710 3971 791 4021 Visum
809 3982 846 4021 cst
872 3973 994 4036 gentiores
1015 3988 1087 4037 quam
1112 3970 1219 4035 antiqui,
1240 3979 1314 4032 atque
1332 3965 1403 4015 valde

311 4049 353 4105 hit
366 4051 465 4116 punctis
484 4051 562 4103 linens
575 4051 640 4103 male
652 4050 778 4115 impositos
798 4050 845 4100 de·
872 4050 1001 4099 nonnullos
1015 4049 1122 4098 demiror
1139 4061 1204 4097 nunc
1223 4045 1344 4105 editores,
1362 4045 1404 4109 qui

311 4127 371 4201 ψ’,
384 4144 435 4179 non
447 4130 527 4196 ipsum
542 4129 703 4190 vocabulum,
715 4128 780 4194 quod
795 4144 845 4179 non
870 4142 939 4176 more
954 4136 1020 4185 retro
1038 4125 1191 4174 librariorum
1206 4131 1327 4172 commata
1344 4135 1404 4171 scn-

310 4217 348 4261 tst
361 4207 462 4279 inutii03
476 4222 523 4261 uec
539 4223 672 4259 concursus
689 4223 804 4258 sonorum
819 4227 845 4258 ου
871 4203 1001 4253 tentinmm
1014 4202 1084 4268 pejus
1099 4217 1176 4265 angue
1194 4199 1299 4250 aversari
1316 4198 1405 4249 viden-

310 4286 411 4339 tondeo
427 4295 465 4337 est
476 4286 599 4348 insuavis,
614 4297 642 4337 nt
655 4289 712 4352 ῖμοῡ
728 4287 845 4337 omitten-
872 4293 919 4342 tur,
935 4297 964 4331 ac
980 4283 1058 4331 fermo
1077 4290 1169 4330 tantum
1189 4279 1286 4344 punctis
1304 4287 1405 4332 utuntur

310 4361 459 4415 dumfuerit.
477 4361 551 4422 Οὗτος
565 4366 621 4430 ἐμοῦ
633 4363 729 4415 auribus
745 4363 843 4429 quidem
871 4360 993 4412 finalibus.
1052 4392 1062 4410 .

309 4442 401 4505 gratim
417 4441 555 4505 occiderem
568 4442 612 4495 sod
621 4443 678 4496 talia
687 4458 736 4495 nou
747 4456 844 4506 semper
904 4438 1022 4490 ‘Sobobz
1035 4442 1172 4504 μετάληψις.
