3684 5659
813 626 970 687 MEAETH
995 613 1040 687 et.
1399 620 1462 690 tsst

378 765 458 851 γοῦν,
482 757 639 850 ὁμολογῶν
661 763 703 834 εἰς
724 758 817 824 καλὸν
841 755 991 824 εἶναικαὶ
1017 758 1163 849 συμφέρον
1188 768 1240 834 τῆς
1263 761 1394 844 πόλεως,
1419 763 1470 825 τόν

376 873 480 963 τρόπον
497 868 569 934 καθ’
588 869 620 933 όν
641 870 745 960 γέγονε
761 875 878 954 ταῦτα,
898 872 962 934 ἀντὶ
982 876 1034 934 τοῦ
1053 873 1143 959 χάριν
1160 868 1247 946 ἀξίαν
1266 867 1466 954 ἀποδιδόναι,

375 981 558 1073 παρανόμων
574 984 695 1071 γροίῳιρς

419 1116 436 1145 υ
450 1071 524 1155 Ᾰλλ’
542 1090 659 1166 σίλλους1
677 1088 739 1156 ἔδει
756 1115 789 1155 σε
808 1093 860 1161 τὴν
877 1091 963 1156 πόλιν
980 1090 1186 1180 εὐεργετεῖν».

419 1178 526 1277 Ᾰλλως
554 1197 615 1266 ἔδει
624 1223 634 1281 ;
665 1201 728 1266 εἰπὲ
753 1203 803 1266 τὸν
830 1203 955 1294 τρόπον·
984 1200 1098 1288 μᾶλλον
1125 1198 1158 1266 δὲ
1181 1205 1231 1267 τόν
1257 1204 1326 1290 έμὸν
1351 1203 1470 1291 έκείνῳ’

373 1307 533 1387 ἀπόδειξον
549 1313 591 1399 μὴ
604 1317 804 1403 προςήκοντα.
820 1315 884 1377 Κᾶν
897 1315 1097 1404 παραστήσρς
1114 1313 1224 1379 ἐκεῖνον
1240 1325 1298 1380 τῶν
1315 1319 1466 1405 ἀπρεπῶν,

372 1422 504 1488 ἐντεῦθεν
521 1427 702 1513 κατοίκρινε,
722 1427 774 1489 καὶ
790 1426 831 1512 μὴ
846 1428 927 1499 ζήτει
941 1423 1012 1488 καθ’
1029 1423 1060 1487 ὃν
1074 1420 1136 1488 έδει
1152 1427 1260 1516 τρόπον
1278 1427 1368 1490 ἄλλον
1384 1428 1468 1512 τάμὰ

371 1533 507 1625 πρὸςτίιν
519 1534 605 1599 πόλιν
615 1536 766 1624 γίνεσθαι.
784 1538 821 1598 Εἰ
834 1533 887 1622 μὲν
900 1536 960 1625 γὰρ
973 1534 1028 1605 οὐκ
1040 1533 1130 1625 ἐχρῆν
1140 1535 1213 1625 παρ’
1226 1536 1298 1623 ἐμοῦ
1311 1539 1468 1627 γίγνεσθαι

370 1646 411 1708 τόι
430 1652 470 1733 τῇ
492 1644 577 1709 πόλει
600 1645 807 1736 συμφέροντα,
833 1648 939 1720 κάκιζε
966 1644 1044 1732 κάμέ
1068 1648 1119 1709 καὶ
1147 1647 1198 1710 τόν
1220 1648 1328 1737 τρόπον
1354 1648 1404 1711 καὶ
1430 1649 1469 1709 τόι

370 1755 578 1844 πρατόμενα.
603 1754 679 1820 Εἰπὲ
703 1757 780 1842 μετὰ
802 1757 975 1846 παρρησίας
997 1751 1163 1842 τῷδήμῳ·
1192 1780 1207 1813 ι(
1224 1756 1288 1820 Οὐκ
1311 1753 1406 1830 ἔξεστι
1426 1765 1469 1842 τῷ

372 1860 447 1929 δεῖνι
468 1865 680 1931 πολιτεύεσθαι
701 1865 863 1958 εἰργομένῳ
884 1867 970 1957 παρὰ
989 1874 1048 1929 τῶν
1067 1867 1183 1953 νόμων·
1203 1868 1260 1931 κᾶν
1277 1870 1316 1931 τόι
1332 1870 1467 1957 πραττό-

371 1999 447 2062 μενα
458 1974 534 2067 παρ’
553 1975 646 2042 αὐτοῦ
662 1985 721 2041 τῶν
737 1972 821 2041 λίαν8
839 1972 858 2046 ἦ
876 1978 929 2041 καὶ
949 1976 1102 2068 συμφέρῃ,
1122 1977 1189 2042 ἀλλ’
1206 1978 1239 2044 οὐ
1253 1979 1394 2070 συμφέρει
1407 2004 1468 2044 πα·

370 2083 601 2177 ρανομοῦυτος*.
620 2093 729 2152 Ποῖσαν
746 2090 817 2175 ἡμῖν
835 2087 983 2152 κωλυτέον
999 2090 1173 2179 προαίρεσιν
1192 2100 1256 2165 τοῖς
1279 2092 1379 2176 νόμοις
1403 2093 1467 2180 εἰρ-

371 2198 516 2288 γομένου,
547 2198 605 2262 κᾶν
632 2198 705 2290 παρ’
733 2198 826 2263 αὐτοῦ
853 2198 1008 2285 μέλλοιμεν
1032 2200 1199 2274 σώζεσθαι.
1227 2203 1274 2272 Μὴ
1301 2207 1388 2265 τοῦτο
1416 2200 1468 2288 μὲν

371 2308 554 2394 κῳλύσωμεν
578 2313 718 2399 πράττειν
740 2309 848 2392 αὐτόν,
871 2314 958 2372 τοῦτο
979 2304 1012 2371 δὲ
1031 2304 1158 2393 δῶμενδ.
1180 2291 1206 2372 ὁ
1228 2313 1287 2400 γὰρ
1312 2310 1414 2385 ἁπλῶς
1435 2312 1467 2374 έκ

372 2420 468 2507 νόμων
487 2419 737 2507 ἀποκλειόμενος,
759 2419 792 2485 οὐ
809 2420 917 2509 τρόπον
934 2422 998 2506 ἔχει
1015 2418 1065 2480 τόν
1083 2422 1295 2509 συνειςαῖγοντα
1308 2445 1338 2483 ν.

419 2534 457 2596 Et
479 2535 553 2622 γοῦν
575 2537 715 2622 είργομαι
739 2532 857 2617 νόμοις,
881 2532 911 2593 τί
928 2534 1026 2604 ζητεῖς
1044 2529 1094 2591 τόν
1112 2537 1165 2603 τῆς
1183 2529 1326 2616 ὡφελείας
1343 2533 1464 2621 τρόπον,

371 2643 423 2707 καί
440 2641 542 2717 ἄλλως
559 2640 657 2733 λέγεις
675 2649 785 2732 χρῆναι
802 2643 854 2710 τὴν
873 2640 957 2705 πόλιν
978 2638 1158 2729 εὐεργετεῖν;
1183 2642 1207 2703 εἰ
1229 2635 1259 2702 δ’
1281 2643 1343 2703 ἔστι
1360 2643 1467 2731 τρόπος

371 2748 548 2844 εὐεργετεῖυ“
562 2754 603 2817 τὰ
619 2754 706 2818 κοινὰ
731 2754 917 2844 πράττοντα,
943 2752 995 2815 καὶ
1022 2752 1072 2814 τόν
1093 2749 1162 2836 έμόυ
1184 2748 1236 2837 μὲν
1255 2750 1463 2842 ἐκραυλίζεις,

371 2863 481 2928 ἐκεῖνον
507 2860 538 2928 δ’
565 2867 751 2953 ἀντειςοίγεις
773 2864 814 2938 ὡς
834 2867 965 2950 ἔννομον,
988 2861 1104 2950 οἰκούσῃ
1124 2857 1268 2945 δικαίως,
1289 2859 1391 2950 οἶμαι,
1414 2867 1464 2929 καί

371 2970 444 3064 παρ’
465 2971 539 3060 ἐμοῦ
547 3020 558 3057 ,
583 2974 624 3048 ῶς
646 2969 740 3048 οὕτως
764 2968 800 3042 ἦν
823 2972 887 3059 έμοί
912 2969 1085 3059 βουλομένῳ
1103 2971 1156 3041 τήν
1177 2972 1262 3036 πόλιν
1284 2972 1463 3064 εὐεργετεῖν,

372 3078 466 3159 οὕτως
481 3079 519 3155 ἦν
538 3080 694 3170 δυναμένῳ
711 3082 781 3158 τοὺς
798 3082 887 3169 ἐμοὺς
903 3083 1038 3175 ῶρελεῖν.

417 3196 466 3266 Μὴ
490 3192 604 3259 τοίνυντ
630 3190 767 3270 ἐπίτηδες
797 3194 960 3286 ἐπηρέαζε,
988 3192 1065 3282 μηδὲ
1091 3195 1158 3285 λέγε
1182 3196 1289 3285 τρόπον
1313 3192 1410 3286 ἕτερον
1435 3195 1466 3260 ὃν

371 3303 451 3396 εἶχες
467 3309 606 3372 κάκεῖνον
630 3310 779 3390 κακίζειν,
806 3310 830 3370 εἰ
854 3305 924 3371 κατ’
943 3305 1053 3371 ἐκεῖνον
1071 3311 1227 3396 ἔπραττον.
1249 3306 1325 3395 Φέρε
1342 3309 1419 3396 γοίρ·
1440 3312 1465 3371 εἰ

371 3421 535 3510 συνήργουν
559 3418 676 3502 όίλλως,
703 3420 756 3499 καὶ
780 3417 955 3509 πρεσόείαις
981 3416 1186 3501 έπεῶαλλόμην
1205 3416 1223 3485 ἢ
1241 3418 1385 3505 τηρήσεσι
1407 3425 1465 3479 τῶν

371 3538 489 3615 κοινῶν,
504 3528 565 3595 οὐκ
578 3526 659 3618 εἶχες
677 3528 772 3620 λέγειν
789 3531 841 3593 καὶ
858 3531 945 3608 τότε,
964 3536 1044 3619 εἴπερ
1065 3526 1207 3610 έέοόλου,
1230 3527 1269 3600 ὡς
1286 3525 1385 3601 ἄλλως
1403 3522 1463 3590 ἔδει

371 3650 478 3717 ποιεῖν,
504 3642 557 3706 καί
583 3641 624 3727 μὴ
646 3637 752 3714 οὕτως.
777 3621 855 3715 Εξῆν
878 3640 944 3726 μέν,
972 3634 996 3703 ὦ
1021 3639 1138 3729 ἑταῖρε,
1158 3637 1280 3707 πολίτου
1299 3642 1388 3718 ὅντα,
1413 3638 1464 3719 τὴν

371 3749 455 3816 πόλιν
478 3750 592 3816 ἐκτῶν
615 3746 749 3814 δυνατῶν
773 3751 910 3841 ὠφελεῖν·
933 3747 1012 3835 ἐξῆν,
1035 3757 1145 3841 γνῶσιν
1162 3750 1272 3836 ἔχοντα
1295 3744 1325 3823 ἐξ
1342 3728 1462 3840 Ιδρμοιῖ,

406 3969 415 3998 ¹
426 3970 519 4021 SchoL:
527 3976 665 4036 μετάληψις.
932 3981 971 4020 tur
984 3971 1142 4033 Moschopulo
1151 3971 1186 4019 sic
1197 3969 1262 4019 edito
1272 3975 1299 4018 Π.
1311 3988 1351 4030 σχ.
1362 3983 1388 4029 p.
1400 3968 1462 4014 206:

404 4045 529 4116 '’Entivqt]
543 4051 646 4099 fortasse
655 4052 747 4099 ἰκτῖνον.
932 4052 995 4099 ἐπεί·
1007 4051 1130 4112 σῶνδεσμος
1139 4051 1287 4102 συναπτικός.
1299 4043 1383 4092 Codex
1390 4042 1463 4099 bene,

404 4126 482 4177 ‘Post
507 4138 553 4178 τῶν
577 4133 628 4178 λίαν
658 4128 732 4192 periit
760 4125 903 4176 vocabulum
932 4149 954 4176 σ.
970 4131 1184 4193 παρασνναπτικός.
1201 4124 1243 4171 Est
1256 4122 1320 4170 enim
1334 4119 1385 4184 ejus
1400 4136 1464 4168 con-

372 4220 445 4255 unum
458 4207 561 4269 saltem,
575 4211 660 4268 καλῶν,
677 4207 714 4255 tel
731 4214 848 4272 χρηστῶν,
866 4205 904 4252 vet
930 4205 1062 4270 junctionis
1075 4201 1209 4266 epithetum
1224 4200 1360 4264 proprium.

372 4286 502 4353 χρησίμοιν.
967 4281 977 4308 ⁸
989 4280 1087 4335 Codex,
1098 4285 1167 4328 τοῦτο
1178 4279 1199 4326 δ’
1213 4279 1306 4339 ἰδῶμευ.

405 4360 416 4387 ⁴
425 4362 457 4413 Et
466 4363 569 4428 periisse
578 4361 673 4412 videtur
680 4362 819 4428 praepositio
828 4369 903 4429 παρά·
966 4359 975 4386 ⁰
986 4359 1097 4407 Fortasse
1109 4366 1149 4407 τοῦ
1158 4357 1294 4423 εὐεργετεῖν.

374 4449 438 4509 παρὰ
453 4447 654 4511 παρανομοῦντος.
664 4441 691 4489 ln
706 4440 807 4489 transitu
817 4440 904 4489 redda·
966 4438 1076 4488 'Schola
1090 4441 1218 4501 ἀντίληψις.
