3684 5659
697 649 700 654 .
739 613 896 674 ΜΕΛΕΤΗ
921 603 964 674 κ’.
1348 614 1395 684 63

348 730 460 814 ὁπόσα
486 754 558 839 γοῦν
585 747 715 813 ἐντεῦθεν
739 751 778 811 τά
801 743 932 838 δνςχερη
954 757 990 836 τῇ
1014 750 1096 814 πόλει
1121 753 1313 841 γεγόνεισαν,
1342 758 1393 819 καῖ

298 862 374 935 οίοις
389 861 593 948 σννειχόμεθα
606 869 670 934 τοῖς
686 855 811 938 δεινοῖς,
828 863 852 922 εί
866 859 983 949 λέγοιμι
997 866 1065 947 νῦν,
1082 857 1167 927 οὐδὲν
1181 863 1255 929 άλλο
1272 865 1291 935 ἢ
1306 865 1395 930 πάλιν

298 970 370 1058 ὑμῖν
386 973 561 1060 περιστήσω
577 970 752 1060 πολιορκίαν
768 980 831 1044 τοῖς
847 969 965 1059 λόγοις,
984 973 1035 1035 καί
1054 974 1093 1035 τά
1111 969 1194 1038 δεινὰ
1211 974 1321 1066 ε’νέγκω
1339 979 1395 1067 πρό

297 1081 481 1169 ὀφθαλμῶν,
506 1082 558 1146 καί
581 1079 677 1171 φέρων
693 1077 756 1156 άξω
782 1081 866 1170 παρά
888 1080 958 1156 τοὺς
974 1078 1127 1157 κινδύνους
1144 1082 1236 1170 ὑμεῖς.
1257 1088 1347 1173 Τάχα
1365 1079 1394 1151 δ’

299 1193 345 1265 εἰς
359 1193 452 1281 χάριν
469 1193 521 1255 καί
539 1198 581 1276 τῷ
595 1190 755 1280 κατηγόρῳ
769 1192 946 1279 γενήσεται,
962 1194 1006 1275 εί,
1025 1192 1056 1256 ὃν
1068 1192 1175 1262 ἤλπισε
1188 1196 1295 1284 τρόπον
1309 1196 1395 1285 αἱρη-

301 1325 367 1365 σειν
391 1297 446 1366 διόι
468 1307 521 1365 τοῦ
544 1295 679 1366 κίνδυνον
703 1299 842 1364 ἐπισείειν
865 1309 902 1388 τῇ
926 1301 1009 1365 πόλει
1034 1304 1085 1366 καί
1109 1302 1216 1394 φόθον,
1242 1304 1287 1369 ότι
1305 1305 1396 1395 πνρός

302 1414 391 1502 ἔργον
406 1419 474 1488 νῆες
491 1413 669 1503 γεγόνασιν,
686 1411 726 1484 ῶς
741 1408 793 1497 μὲν
811 1409 871 1500 ἐγὼ
887 1410 983 1500 λέγω,
1003 1413 1043 1497 μὴ
1061 1412 1141 1487 όπως
1156 1413 1395 1503 χρησιμεόονσαι

302 1523 378 1613 πρὸς
401 1523 455 1593 τὴν
482 1524 606 1614 χρείαν,
629 1520 778 1585 ἀλλὰκαὶ
803 1517 1013 1606 βλάπτονσαι,
1034 1524 1074 1598 ῶς
1096 1518 1126 1586 δ’
1144 1523 1253 1606 αὐτός,
1281 1525 1321 1599 ὡς
1342 1525 1396 1588 οὐκ

302 1632 404 1703 άλλως
418 1631 481 1696 ἐνὸν
494 1634 627 1701 σωθῆναι
642 1632 683 1717 μὴ
696 1629 807 1696 τούτων
821 1630 932 1714 οὐσῶν,
941 1623 1000 1696 ικαὶ
1017 1628 1070 1696 διὰ
1086 1638 1173 1697 τοῦτο
1186 1633 1284 1724 φοθῶν
1297 1632 1393 1720 ὑμεῖς,

303 1741 398 1813 ἄλλην
422 1742 597 1832 πολιορκίαν
622 1742 726 1816 ἱστάς·
756 1744 799 1824 εἰ,
826 1746 930 1805 τοῦτον
950 1734 1000 1805 οὖν
1022 1743 1072 1807 τόν
1097 1744 1204 1835 τρόπον
1228 1746 1279 1808 καὶ
1306 1744 1397 1820 αὐτὸς

248 1834 251 1839 ⁴
303 1846 460 1935 ἐπίτηδες,
479 1850 573 1942 λέγων
591 1853 643 1922 τὴν
661 1849 823 1938 συμθοῖσαν
839 1850 1014 1941 πολιορκίαν
1031 1855 1083 1916 καὶ
1101 1854 1140 1916 τόι
1160 1852 1269 1917 ἐκεῖθεν
1292 1850 1394 1939 δεινά,

304 1966 446 2052 ταράττον
471 1964 526 2037 τάς
550 1959 694 2053 ὑμετέρας
723 1960 846 2048 ψυχάς,
875 1963 926 2024 καὶ
953 1962 1038 2027 πόλιν
1062 1972 1165 2029 πᾶσαν
1189 1966 1231 2037 εἰς
1255 1964 1397 2051 εὐθυμίαν

305 2068 471 2157 ἐνδοῦσαν,
494 2074 545 2137 καί
571 2075 680 2165 θάρρος
698 2076 830 2160 ἔχουσαν
848 2072 888 2147 ὡς
904 2074 956 2136 καὶ
974 2081 1032 2137 τῶν
1049 2069 1226 2138 δεινοτάτων
1244 2076 1397 2166 περιέσται

306 2181 361 2247 σὺν
378 2179 505 2267 βοηθείᾳ
519 2186 610 2267 θεῶν,
631 2183 667 2247 ἂν
681 2183 777 2273 ὀλίγοι
792 2184 982 2269 μιμήσονται
1002 2185 1054 2254 τὴν
1077 2188 1149 2271 ἔμην
1173 2187 1305 2269 εὔνοιαν,
1325 2187 1398 2250 ταύ-

305 2319 359 2364 την
380 2295 471 2360 πάλιν
492 2299 535 2371 εἰς
558 2297 733 2383 άμηχανίαν
754 2302 895 2385 περιῖστῶ
916 2297 969 2359 καὶ
992 2294 1101 2385 φόθονς
1122 2296 1258 2382 πολέμων
1280 2306 1338 2361 τῶν
1357 2299 1397 2383 μὴ

305 2404 479 2494 παρόντων,
499 2404 578 2470 ἀλλὰ
595 2395 668 2492 μηδ’
687 2404 851 2491 ἐσομένων,
871 2405 911 2479 ὡς
929 2404 989 2494 ἐγὼ
1005 2405 1146 2469 πέποιθα.

355 2493 448 2601 ὅμως
465 2512 568 2587 ἐπειδὴ
586 2515 681 2608 ὥςπερ
701 2515 786 2606 νέφος
802 2512 890 2580 ποθὲν
908 2512 939 2589 ἐξ
957 2516 1069 2606 άγρίας
1086 2515 1232 2590 λαίλαπος
1250 2513 1398 2604 συναχθὲν

306 2634 344 2714 τῇ
359 2627 443 2691 πόλει
460 2627 494 2690 τό
515 2622 610 2691 δεινόν
629 2626 755 2710 ε’πέστη,
781 2628 832 2690 καί
853 2622 913 2689 ἔδει
933 2636 1055 2690 σκοπεῖν
1075 2624 1154 2713 ὑμοῖς
1176 2631 1199 2712 ᾡ
1222 2623 1261 2694 δὴ
1284 2629 1323 2690 τά
1346 2636 1398 2702 τῆς

305 2735 421 2812 πόλεως
437 2739 606 2827 πράγματα
627 2736 850 2827 ἐγχειρήσοιτε,
875 2738 927 2800 καί
951 2735 982 2799 όν
1005 2735 1051 2800 ἐπὶ
1072 2741 1124 2800 τοῦ
1144 2736 1274 2823 πολέμου
1297 2763 1397 2802 κατα-

307 2850 448 2918 στήσοιτε
479 2847 649 2938 στρατηγὸν
679 2846 744 2935 μετ’
772 2845 915 2936 άκριθοῦς
947 2844 1064 2938 ἐρεύνης
1091 2844 1201 2937 εὑρεῖν,
1229 2846 1319 2923 ἄλλος
1346 2846 1398 2933 μὲν

307 2956 399 3021 ἄλλον
411 2954 635 3048 προθθάλλετο,
651 2958 703 3021 καὶ
720 2955 811 3030 όίλλος
826 2956 942 3039 άλλως,
961 2959 1014 3020 καὶ
1033 2963 1136 3022 τοῦτον
1149 2957 1168 3027 ἢ
1181 2963 1284 3022 τοῦτον
1301 2956 1399 3049 ἕτερος

308 3058 400 3154 (οὐδὲ
422 3068 482 3157 γὰρ
508 3067 625 3157 άμοιρεῖ
651 3063 705 3129 σὺν
730 3067 808 3139 θεοῖς
831 3067 955 3155 ἀγαθῶν
978 3061 1094 3156 ἀνδρῶν
1117 3068 1135 3135 ἡ
1160 3063 1261 3141 πόλις1
1284 3062 1394 3156 ἡμῖνλ·

305 3174 395 3258 πλήν,
411 3172 481 3248 τοὺς
493 3174 603 3250 άλλονς
616 3169 880 3266 παραδραμόντες,
898 3171 948 3260 ἐμὲ
960 3175 1011 3236 καὶ
1026 3175 1113 3261 μόνον
1126 3174 1171 3237 έπὶ
1186 3183 1244 3239 τῶν
1254 3180 1399 3266 πραγμά-

306 3309 365 3350 των
381 3285 516 3377 φέροντες
533 3287 754 3355 κατεστήσατε.

355 3376 397 3471 ίλς
415 3391 444 3459 δ’
464 3390 683 3470 άπεδνςπέτονν
702 3392 761 3484 ἐγώ
771 3440 780 3476 ,
796 3392 855 3482 οὐχ
872 3393 916 3458 ότι
936 3395 977 3479 μὴ
996 3394 1086 3458 θέλων
1103 3395 1143 3457 τά
1161 3391 1277 3458 δυνατά
1297 3400 1399 3459 σνναί·

306 3507 413 3595 ρεσθαι
435 3513 472 3593 τῇ
492 3500 634 3596 πατρίδι,
659 3502 726 3568 ἀλλ’
748 3502 792 3568 ὅτι
813 3498 951 3593 σφοδρῶς
969 3505 1104 3591 άγωνιῶν
1125 3505 1264 3588 μήπως,
1284 3503 1398 3579 πολλὰς

306 3617 430 3703 ἔχοντος
446 3618 501 3678 τοῦ
515 3615 645 3701 πολέμου
663 3615 876 3700 καινοτομίας,
896 3611 968 3699 ἐμοῦ
984 3636 1013 3674 τι
1030 3613 1103 3703 πρὸς
1120 3613 1153 3677 τό
1171 3614 1265 3705 παρόν
1282 3617 1396 3703 χρόσι-
1450 3651 1453 3655 ’

308 3748 363 3811 μον
380 3721 410 3799 ἐξ
427 3727 564 3814 ἀνάγκης
577 3712 853 3810 κοιινοτομησαντος
867 3721 911 3812 ἐφ’
930 3714 954 3808 ᾧ
969 3724 1100 3787 συνοίσει
1117 3733 1179 3798 τοῖς
1195 3721 1224 3786 ἐν
1240 3731 1277 3812 τῇ
1293 3723 1394 3808 πόλει,

309 3835 513 3901 ε’πιλάθωντοιί
527 3858 621 3919 τινες,
646 3837 698 3900 καὶ
717 3833 815 3908 λαθάς
839 3832 971 3925 εὑρόντες
993 3843 1186 3925 κατηγορῶσι
1207 3840 1259 3898 τοῦ
1282 3837 1333 3898 καί
1356 3835 1398 3910 ἐς·

309 3943 396 4038 δεῦρο
409 3942 503 4035 μηδὲν
517 3945 711 4037 ἐγκληθέντος
724 3943 796 4035 παρ’
812 3941 943 4019 οὐδενός·
961 3968 977 4001 t<
990 3946 1037 4014 Μὴ
1055 3940 1171 4027 δέδιθι,
1188 3951 1256 4036 άνερ
1272 3971 1301 4028 ν,
1316 3942 1397 4009 εἶπον

341 4183 451 4234 ⁴Eadem
468 4183 589 4234 sententia
600 4182 690 4234 eisdem
702 4182 780 4232 verbis
792 4182 842 4231 De-
867 4194 975 4252 πμοφητῇ
987 4193 1107 4237 συνοικεῖν,
1121 4182 1146 4232 οἶν
1161 4188 1309 4231 παντάπασιν
1326 4182 1397 4232 ἔοικεν

309 4263 453 4314 clamatione
461 4261 494 4311 VI
505 4281 511 4312 τ
523 4262 576 4313 οίνδὲ
585 4269 632 4331 γὰρ
643 4264 738 4330 ἀμοιρεῖ
748 4267 787 4311 σὺν
797 4267 839 4328 θεῷ
867 4260 927 4310 εἶναι
938 4271 979 4317 τῆς
990 4263 1013 4309 ἐκ
1021 4268 1061 4308 τοῦ
1072 4264 1132 4309 θείον
1141 4261 1278 4324 κηδεμονίας
1289 4262 1396 4329 ἄμετρον.

307 4345 422 4398 τοὺτωνὴ
440 4344 507 4397 πόλις
520 4345 595 4404 ἡμῶν.
613 4338 741 4389 chariclea
756 4339 837 4388 Helio·
867 4338 951 4388 Codex
972 4336 1095 4396 Venetus,
1113 4341 1263 4405 ἀμοιροὺσης.
1282 4341 1332 4390 Nec
1351 4341 1398 4389 hoc

308 4418 375 4480 dori,
392 4422 415 4479 1,
426 4421 474 4468 23:
489 4424 516 4470 τό
532 4438 558 4469 τι
571 4424 630 4476 θεοῖς
646 4421 838 4482 ἀνακειμένην...
867 4417 1079 4467 contemnendum.
