3684 5659
810 629 965 692 ΜΕΛΕΤΗ
993 618 1032 690 1'.
1395 623 1465 693 493

371 764 428 852 μὲν
449 767 604 859 συλλόγων
624 774 743 850 κοινῶν,
769 763 991 851 άπελαυνομένη
1014 760 1047 827 δὲ
1072 764 1123 828 καί
1143 765 1240 828 τόπων
1257 763 1374 828 ἐκείνων
1392 764 1465 831 ὅπου

370 888 516 968 γυναῖκες
536 873 680 968 διάγουσι
702 877 862 968 σώφρονες.
886 877 945 939 Καὶ
970 871 1094 963 δέχεται
1112 872 1164 962 μἐν
1180 875 1221 938 τά
1236 877 1321 965 παρὰ
1337 884 1395 940 τῶν
1411 878 1464 940 νό-

371 1014 438 1076 μων
461 983 570 1054 δίκαια
592 989 758 1078 πρόςτιμα,
788 982 851 1050 οἶδε
877 981 931 1069 δέ,
964 983 1034 1048 καθ’
1064 984 1134 1050 ὅσον
1163 989 1242 1049 ἔστιν
1272 982 1383 1051 εἰδέναι
1411 992 1463 1053 καὶ

371 1101 495 1191 γυναικὶ
509 1101 562 1164 καί
577 1094 671 1186 μηδὲν
685 1099 858 1190 παρρησίας
874 1095 1044 1184 μετεχούσῃ
1058 1104 1112 1170 τῆς
1124 1095 1153 1159 ἐν
1167 1104 1203 1184 τῇ
1217 1096 1316 1171 πόλεις
1329 1100 1368 1162 τά
1381 1102 1466 1188 παρά

370 1219 432 1297 τῷν
444 1211 543 1297 νόμων
557 1210 647 1298 αὐτῇ.
663 1189 736 1273 Ᾰλλ’
750 1203 833 1283 άπαξ
847 1206 921 1282 τέως
935 1207 969 1270 τὸ
983 1208 1134 1297 χείριστον
1152 1209 1361 1296 άγαπήσασα,
1378 1211 1466 1298 νόμον

372 1322 439 1408 ἔχει
459 1321 510 1385 τὸν
530 1321 651 1411 τρόπον,
674 1320 756 1384 κατὰ
775 1320 830 1394 τάς
851 1318 977 1404 ἀτίμους
996 1313 1108 1401 βιοῦσα
1127 1317 1179 1382 καί
1200 1318 1289 1404 μόνον
1310 1314 1467 1386 διώκουσα

372 1429 496 1496 τὸκατ’
515 1427 621 1521 ὄρεξιν.

423 1518 498 1605 Ιλπεί
517 1545 602 1631 γοῦν,
620 1546 678 1604 κάν
694 1564 740 1614 τις
756 1541 807 1604 καί
829 1541 980 1622 σκώπτοι,
1002 1537 1083 1603 άλλά
1100 1539 1133 1603 τὸ
1151 1538 1221 1603 κατ’
1239 1539 1397 1627 ἐπιθυμίαν
1415 1545 1467 1630 ζῇν

371 1647 564 1743 ᾑρετίσατά,
591 1650 726 1738 ἐπιθυμεῖ
747 1652 799 1714 καί
825 1653 964 1740 χρυσίοις
985 1653 1186 1735 κοσμεῖσθαι,
1211 1652 1232 1715 ά
1257 1647 1296 1722 δη
1315 1653 1413 1718 πολλά
1432 1679 1467 1745 γε

371 1761 460 1851 παρά
477 1759 596 1825 πολλῶν
613 1759 746 1851 είληφεν,
771 1757 805 1823 οὐ
830 1763 1064 1850 καταφρονοῦσα
1085 1760 1182 1846 νόμων
1206 1753 1221 1849 <
1226 1787 1267 1848 μη
1288 1755 1463 1853 γε’νοιτοί),

372 1870 456 1937 ἀλλά
472 1871 604 1936 κατὰτὸ
621 1870 776 1957 ε’πιτυχόν,
796 1870 836 1944 ὡς
853 1871 909 1933 κάν
926 1879 989 1945 τοῖς
1006 1869 1120 1946 λοιποῖς
1137 1868 1229 1961 ὀρέξει
1246 1867 1446 1940 δουλεύουσα.

423 1961 497 2046 Ᾰλλ’
516 1980 570 2045 οὐκ
586 1977 622 2052 ἦν
638 1980 739 2045 λαθεῖν
754 1979 824 2054 τοὺς
838 1979 969 2054 ἐπόπτας
982 1977 1059 2043 οὕτω
1074 1975 1215 2064 βιοῡσαν,
1232 1983 1283 2046 καί
1298 1985 1383 2074 παρά
1398 1983 1468 2062 τοὺς

373 2092 484 2179 νόμους
499 2099 554 2167 τῆς
569 2091 723 2166 πολιτείας
736 2086 918 2181 διάγουσαν.
937 2088 1058 2155 Αὐτίκα
1075 2094 1134 2183 γάρ
1152 2101 1289 2184 φωρᾶται
1301 2096 1340 2158 τά
1352 2098 1468 2185 χρυσία

373 2205 528 2291 φοροῦσα,
552 2203 605 2266 καί
629 2210 693 2276 τοῖς
715 2202 816 2288 νόμοις
838 2199 958 2271 λέληθεν
982 2198 1156 2289 ὑπαχθεῖσα
1178 2202 1207 2277 ἐς
1231 2201 1282 2293 όγε
1301 2199 1392 2269 δώσει
1415 2207 1468 2277 την

375 2311 541 2403 ὡρισμένην
567 2307 673 2392 δίκην,
698 2311 750 2375 καί
776 2313 856 2399 μάθιρ
881 2308 910 2385 ἐς
934 2309 1044 2400 άκριθη
1069 2314 1179 2397 ζημίαν
1203 2314 1407 2402 προῖσχομένη
1434 2317 1467 2381 τδ

375 2417 500 2498 ἀναιδές
506 2467 517 2505 ,
534 2411 568 2486 οίι
581 2424 671 2512 χάριν
686 2425 814 2485 τοιαῦτα
829 2423 971 2510 πράττειν
988 2419 1145 2507 ἐτόλμησε.
1166 2423 1224 2485 Καί
1244 2417 1310 2485 ἰδοὺ
1327 2426 1469 2509 μαθοῦσα

374 2531 437 2597 ὅτι
454 2533 490 2597 τὸ
507 2532 666 2624 πρόςτιμον
684 2531 743 2596 άπὸ
760 2532 857 2618 νόμων
874 2534 937 2595 ἔστι
955 2538 1008 2605 τῆς
1026 2527 1179 2621 πράξεως,
1205 2526 1393 2622 δυςχεραίνει
1415 2535 1468 2620 μέν

374 2676 424 2691 -·-
442 2644 496 2709 καί
523 2650 589 2717 πῶς
613 2642 673 2733 γάρ
701 2643 755 2722 οὔ,
777 2674 825 2686 --
847 2638 1028 2726 ζημιουμένη
1052 2641 1101 2704 τὸν
1127 2642 1240 2728 κόσμον
1263 2641 1312 2705 τὸν
1338 2640 1464 2719 ἑαυτῆς·

374 2751 443 2819 ἀλλ’
467 2744 520 2819 οὖν
543 2777 579 2845 γε
605 2751 691 2839 μόλις
716 2752 768 2816 καί
795 2757 935 2834 άκουσα,
961 2749 1079 2837 ἕτοιμός
1103 2750 1166 2814 ἐστι
1190 2753 1407 2817 κατατίθεσθαι
1429 2757 1468 2820 τά

374 2865 509 2956 χρυσία,
530 2864 573 2938 είς
588 2862 621 2926 τὸ
637 2860 778 2953 γενέσθαι
798 2865 896 2924 ταῦτα
913 2862 995 2925 κατὰ
1011 2859 1079 2936 τοὺς
1095 2861 1203 2947 νόμους
1220 2857 1367 2947 δημόσια.

1176 2953 1184 2974 .

420 2970 531 3039 οθτω’
552 2975 612 3064 γάρ
636 2973 652 3037 ὁ
674 2974 764 3059 νόμος
791 2967 961 3062 διαγορεύει
985 2974 1098 3062 ῥητῶς·
1128 2996 1144 3030 τ(
1162 2974 1280 3063 Εταίρα
1303 2978 1419 3065 χρυσία
1444 2979 1469 3039 εἰ

374 3087 498 3179 φοροίη,
524 3080 660 3172 δημόσια
683 3087 759 3149 ἔστω
777 3100 809 3140 υ·
831 3087 855 3147 εί
874 3092 1037 3169 κοσμοῖτο,
1065 3085 1155 3173 φησί,
1181 3087 1320 3176 χρυσίοις
1343 3084 1467 3177 ἑταίρα,

375 3199 514 3263 ἔστωσαν
526 3199 626 3260 ταῦτα
640 3191 788 3282 δημόσια.
804 3195 863 3258 Καὶ
880 3189 956 3258 οὕτω
973 3191 1026 3280 μὲν
1040 3191 1117 3266 αὕτη
1132 3196 1217 3285 παρά
1233 3196 1341 3282 νόμους
1354 3221 1470 3284 κοσμη·

375 3309 462 3373 θεῖσα
477 3308 700 3398 προςτιμάσθαι
716 3305 797 3368 κατὰ
813 3305 921 3392 νόμους
936 3300 1190 3380 καταδικάζεται.

423 3408 523 3493 Οὗτος
545 3412 605 3501 δ”,
632 3415 686 3482 οὐκ
708 3410 779 3480 οἶδα
803 3417 890 3480 πόθεν
914 3413 1019 3498 ἐλθών,
1039 3411 1135 3505 βαρὺς
1152 3423 1195 3501 τῷ
1214 3420 1275 3479 ’όντι
1293 3416 1345 3479 καί
1364 3418 1470 3509 πικρὸς

375 3520 549 3621 κατήγορος
571 3533 630 3613 ὥν,
658 3529 747 3619 φησί·
776 3550 792 3585 ι(
812 3527 859 3596 Μη
884 3528 924 3590 τά
946 3529 1080 3616 χρυσία,
1108 3523 1174 3589 ἀλλ’
1202 3524 1294 3594 αὐτὴν
1318 3520 1469 3612 δημοσίαν

375 3640 513 3729 γίνεσθαι
530 3638 584 3709 τὴν
601 3637 722 3730 ἑταίραν
740 3637 755 3701 ὁ
773 3638 862 3723 νόμος
879 3633 1022 3721 βούλεται
1035 3660 1065 3698 ν.
1085 3637 1144 3701 Καὶ
1163 3636 1196 3700 τὸ
1210 3633 1322 3727 γραφὲν
1338 3635 1470 3730 παροξύ-

375 3772 417 3813 νει
440 3750 495 3814 καί
519 3747 614 3813 ἑνικὸν
635 3745 781 3834 λαμθάνει
805 3746 839 3810 τὸ
864 3749 971 3809 ἔστω
995 3748 1109 3810 «ἔστω
1133 3769 1150 3803 ν
1170 3744 1283 3836 λέγων,
1310 3771 1327 3805 τι
1350 3749 1369 3818 ἡ
1395 3750 1470 3840 γονὴ

377 3855 530 3947 δημοσία,
550 3857 595 3925 ότι
612 3859 727 3951 χρυσία
744 3858 890 3949 πεφόρηκε
905 3880 935 3921 υ.

423 3972 461 4035 Τί
476 3969 596 4061 λέγεις,
619 3972 776 4061 άνθρωπε;
802 3964 878 4033 οθτω
898 3969 1045 4058 μεγίστας
1065 3969 1121 4043 τάς
1143 3970 1289 4059 τιμωρίας
1313 3971 1396 4060 ὁρίζῃ
1415 3974 1467 4036 καί

378 4077 449 4173 ὑπὲρ
481 4087 541 4147 τῶν
571 4079 723 4168 τυχόντων
750 4077 1029 4166 πλημμελημάτων,
1062 4078 1113 4140 καί
1146 4072 1192 4151 οἷς
1220 4084 1257 4142 άν
1282 4102 1328 4154 τις
1356 4081 1469 4166 μάλλον

409 4300 418 4329 ⁴
434 4298 534 4361 Codex,
553 4303 688 4368 ἠριτίσατο.
707 4298 795 4349 ὃὶιὶόπε
807 4317 813 4346 :
830 4303 910 4368 ᾑρετι·
972 4295 982 4321 ¹
994 4295 1090 4345 Schol.:
1102 4299 1203 4364 πρνθνλὴ
1214 4303 1256 4347 τοῦ
1268 4301 1350 4367 ῥητοῦ.

377 4385 461 4444 σάμην·
474 4382 579 4443 εἱλόμην,
592 4380 743 4444 ἐξελεξάμην.
755 4375 814 4426 Vide
826 4376 857 4425 ad
867 4376 911 4425 Ba·
972 4373 1091 4425 ³Schol.:
1107 4378 1176 4445 ἑτέρα
1187 4382 1289 4446 προθολὴ
1303 4385 1364 4431 κατὰ
1378 4387 1404 4432 τὸ
1419 4384 1471 4447 άμ-

377 4455 456 4509 brium
468 4456 497 4509 F.
509 4458 537 4506 61
549 4492 557 4519 ,
569 4456 595 4506 5.
940 4457 1039 4521 φίθολον.

1291 4539 1330 4596 25
