<?xml version="1.0" encoding="UTF-8"?>
<!DOCTYPE html PUBLIC "-//W3C//DTD XHTML 1.0 Transitional//EN"
    "http://www.w3.org/TR/xhtml1/DTD/xhtml1-transitional.dtd">
<html xmlns="http://www.w3.org/1999/xhtml" xml:lang="en" lang="en">
 <head>
  <title>
</title>
<meta http-equiv="Content-Type" content="text/html;charset=utf-8" />
  <meta name='ocr-system' content='tesseract 3.04.00' />
  <meta name='ocr-capabilities' content='ocr_page ocr_carea ocr_par ocr_line ocrx_word'/>
</head>
<body>
  <div class='ocr_page' id='page_1' title='image "./gpachymerisdecl00hiergoog_0262.png"; bbox 0 0 3684 5659; ppageno 0'>
   <div class='ocr_carea' id='block_1_1' title="bbox 372 589 1128 660">
    <p class='ocr_par' dir='ltr' id='par_1_1' title="bbox 372 589 1128 660">
     <span class='ocr_line' id='line_1_1' title="bbox 372 589 1128 660; baseline -0.008 -1"><span class='ocrx_word' id='word_1_1' title='bbox 372 589 443 660; x_wconf 81' lang='grc'>236</span> <span class='ocrx_word' id='word_1_2' title='bbox 711 598 746 655; x_wconf 90' lang='grc' dir='ltr'>Γ.</span> <span class='ocrx_word' id='word_1_3' title='bbox 774 596 847 656; x_wconf 82' lang='grc' dir='ltr'>ΤΟΥ</span> <span class='ocrx_word' id='word_1_4' title='bbox 874 595 1128 655; x_wconf 80' lang='grc' dir='ltr'>ΠΑΧΥΜΕΡΟΥΣ</span> 
     </span>
    </p>
   </div>
   <div class='ocr_carea' id='block_1_2' title="bbox 373 715 1469 1374">
    <p class='ocr_par' dir='ltr' id='par_1_2' title="bbox 373 715 1468 1152">
     <span class='ocr_line' id='line_1_2' title="bbox 374 715 1466 819; baseline 0.001 -23"><span class='ocrx_word' id='word_1_5' title='bbox 374 736 478 819; x_wconf 84' lang='grc' dir='ltr'><strong>ἔχεται</strong></span> <span class='ocrx_word' id='word_1_6' title='bbox 496 738 554 794; x_wconf 80' lang='grc' dir='ltr'>τῶν</span> <span class='ocrx_word' id='word_1_7' title='bbox 573 725 713 814; x_wconf 73' lang='grc' dir='ltr'><strong>κλειδῶν,</strong></span> <span class='ocrx_word' id='word_1_8' title='bbox 738 731 789 793; x_wconf 79' lang='grc' dir='ltr'>καὶ</span> <span class='ocrx_word' id='word_1_9' title='bbox 809 728 911 804; x_wconf 79' lang='grc' dir='ltr'><strong>κενούς</strong></span> <span class='ocrx_word' id='word_1_10' title='bbox 931 728 1100 814; x_wconf 79' lang='grc' dir='ltr'><em>ἀποπέμπει</em></span> <span class='ocrx_word' id='word_1_11' title='bbox 1122 729 1190 805; x_wconf 82' lang='grc' dir='ltr'><strong>τοὺς</strong></span> <span class='ocrx_word' id='word_1_12' title='bbox 1209 730 1411 809; x_wconf 80' lang='grc' dir='ltr'>ἱκετεύοντας.</span> <span class='ocrx_word' id='word_1_13' title='bbox 1429 715 1466 809; x_wconf 67' lang='lat' dir='ltr'>lig</span> 
     </span>
     <span class='ocr_line' id='line_1_3' title="bbox 373 832 1467 932; baseline 0.002 -26"><span class='ocrx_word' id='word_1_14' title='bbox 373 843 409 906; x_wconf 78' lang='grc' dir='ltr'>ἂν</span> <span class='ocrx_word' id='word_1_15' title='bbox 428 837 461 905; x_wconf 73' lang='grc' dir='ltr'>δὲ</span> <span class='ocrx_word' id='word_1_16' title='bbox 479 842 520 928; x_wconf 76' lang='grc' dir='ltr'>μὴ</span> <span class='ocrx_word' id='word_1_17' title='bbox 542 843 593 905; x_wconf 80' lang='grc' dir='ltr'>καὶ</span> <span class='ocrx_word' id='word_1_18' title='bbox 618 832 704 915; x_wconf 76' lang='grc' dir='ltr'><strong>αὖθις</strong></span> <span class='ocrx_word' id='word_1_19' title='bbox 729 840 896 929; x_wconf 84' lang='grc' dir='ltr'><strong>προςιύντες</strong></span> <span class='ocrx_word' id='word_1_20' title='bbox 924 839 1090 927; x_wconf 76' lang='grc' dir='ltr'><strong>ἐνοχλοῖεν,</strong></span> <span class='ocrx_word' id='word_1_21' title='bbox 1114 840 1274 932; x_wconf 74' lang='grc' dir='ltr'><strong>ἐπιζυγοῡν</strong></span> <span class='ocrx_word' id='word_1_22' title='bbox 1296 845 1354 920; x_wconf 82' lang='grc' dir='ltr'>τὰς</span> <span class='ocrx_word' id='word_1_23' title='bbox 1379 843 1467 932; x_wconf 80' lang='grc' dir='ltr'><em>θύρας</em></span> 
     </span>
     <span class='ocr_line' id='line_1_4' title="bbox 373 949 1468 1046; baseline 0.002 -30"><span class='ocrx_word' id='word_1_24' title='bbox 373 952 493 1035; x_wconf 78' lang='grc' dir='ltr'><strong>αὐτοῖς,</strong></span> <span class='ocrx_word' id='word_1_25' title='bbox 512 961 575 1026; x_wconf 89' lang='grc' dir='ltr'><strong>τοῖς</strong></span> <span class='ocrx_word' id='word_1_26' title='bbox 592 950 724 1024; x_wconf 80' lang='grc' dir='ltr'><strong>οἰκέταις</strong></span> <span class='ocrx_word' id='word_1_27' title='bbox 743 952 942 1040; x_wconf 82' lang='grc' dir='ltr'><strong>προςτοίσσει,</strong></span> <span class='ocrx_word' id='word_1_28' title='bbox 963 950 1020 1014; x_wconf 78' lang='grc' dir='ltr'>κᾶν</span> <span class='ocrx_word' id='word_1_29' title='bbox 1035 957 1103 1014; x_wconf 83' lang='grc' dir='ltr'><strong><em>εἴτι</em></strong></span> <span class='ocrx_word' id='word_1_30' title='bbox 1122 951 1235 1042; x_wconf 76' lang='grc' dir='ltr'><strong>λέγοιεν</strong></span> <span class='ocrx_word' id='word_1_31' title='bbox 1253 949 1327 1041; x_wconf 78' lang='grc' dir='ltr'><strong>μηδ’</strong></span> <span class='ocrx_word' id='word_1_32' title='bbox 1346 956 1468 1046; x_wconf 81' lang='grc' dir='ltr'><strong>ἀποκρί-</strong></span> 
     </span>
     <span class='ocr_line' id='line_1_5' title="bbox 373 1063 703 1152; baseline -0.009 -25"><span class='ocrx_word' id='word_1_33' title='bbox 373 1066 477 1128; x_wconf 75' lang='grc' dir='ltr'><strong>νεσθαι</strong></span> <span class='ocrx_word' id='word_1_34' title='bbox 494 1064 527 1128; x_wconf 87' lang='grc' dir='ltr'>τὸ</span> <span class='ocrx_word' id='word_1_35' title='bbox 545 1063 703 1152; x_wconf 76' lang='grc' dir='ltr'><strong>παράπαν.</strong></span> 
     </span>
    </p>

    <p class='ocr_par' dir='ltr' id='par_1_3' title="bbox 373 1164 1469 1374">
     <span class='ocr_line' id='line_1_6' title="bbox 421 1164 1467 1266; baseline 0.003 -29"><span class='ocrx_word' id='word_1_36' title='bbox 421 1176 480 1238; x_wconf 80' lang='grc' dir='ltr'>Καὶ</span> <span class='ocrx_word' id='word_1_37' title='bbox 506 1175 532 1237; x_wconf 83' lang='grc' dir='ltr'>οἱ</span> <span class='ocrx_word' id='word_1_38' title='bbox 558 1171 610 1259; x_wconf 80' lang='grc' dir='ltr'>μὲν</span> <span class='ocrx_word' id='word_1_39' title='bbox 633 1172 821 1260; x_wconf 78' lang='grc' dir='ltr'><em>ταλαίπωροι</em></span> <span class='ocrx_word' id='word_1_40' title='bbox 842 1164 913 1259; x_wconf 73' lang='lat' dir='ltr'>petil</span> <span class='ocrx_word' id='word_1_41' title='bbox 936 1171 1044 1236; x_wconf 86' lang='grc' dir='ltr'><strong>ε’κεῖνοι</strong></span> <span class='ocrx_word' id='word_1_42' title='bbox 1067 1175 1119 1236; x_wconf 81' lang='grc' dir='ltr'>καὶ</span> <span class='ocrx_word' id='word_1_43' title='bbox 1142 1168 1302 1262; x_wconf 73' lang='grc' dir='ltr'><strong>ύυςτυχεῖς</strong></span> <span class='ocrx_word' id='word_1_44' title='bbox 1320 1177 1467 1266; x_wconf 80' lang='grc' dir='ltr'><strong>ἄνθρωποι</strong></span> 
     </span>
     <span class='ocr_line' id='line_1_7' title="bbox 373 1280 1469 1374; baseline 0 -24"><span class='ocrx_word' id='word_1_45' title='bbox 373 1286 627 1359; x_wconf 82' lang='grc' dir='ltr'><strong>πυλοκτυποῡντες</strong></span> <span class='ocrx_word' id='word_1_46' title='bbox 645 1283 691 1348; x_wconf 81' lang='grc' dir='ltr'><strong>ε’πλ</strong></span> <span class='ocrx_word' id='word_1_47' title='bbox 709 1282 801 1361; x_wconf 90' lang='grc' dir='ltr'><strong>πολύ,</strong></span> <span class='ocrx_word' id='word_1_48' title='bbox 820 1284 871 1345; x_wconf 88' lang='grc' dir='ltr'>καὶ</span> <span class='ocrx_word' id='word_1_49' title='bbox 888 1281 958 1346; x_wconf 87' lang='grc' dir='ltr'><strong>ὅσον</strong></span> <span class='ocrx_word' id='word_1_50' title='bbox 974 1284 1055 1347; x_wconf 85' lang='grc' dir='ltr'><strong>ούπω</strong></span> <span class='ocrx_word' id='word_1_51' title='bbox 1073 1280 1269 1374; x_wconf 73' lang='grc' dir='ltr'><strong>ἀφιξομένους</strong></span> <span class='ocrx_word' id='word_1_52' title='bbox 1286 1284 1358 1361; x_wconf 83' lang='grc' dir='ltr'><strong>τοὺς</strong></span> <span class='ocrx_word' id='word_1_53' title='bbox 1375 1311 1469 1351; x_wconf 87' lang='grc' dir='ltr'><strong>κατα-</strong></span> 
     </span>
    </p>
   </div>
   <div class='ocr_carea' id='block_1_3' title="bbox 374 1389 1466 1485">
    <p class='ocr_par' dir='ltr' id='par_1_4' title="bbox 374 1389 1466 1485">
     <span class='ocr_line' id='line_1_8' title="bbox 374 1389 1466 1485; baseline 0 -24"><span class='ocrx_word' id='word_1_54' title='bbox 374 1392 539 1471; x_wconf 71' lang='grc' dir='ltr'><strong>διώκοντας</strong></span> <span class='ocrx_word' id='word_1_55' title='bbox 554 1395 733 1478; x_wconf 80' lang='grc' dir='ltr'><strong>ἐννοοῦντες,</strong></span> <span class='ocrx_word' id='word_1_56' title='bbox 752 1391 814 1457; x_wconf 83' lang='grc' dir='ltr'><strong>ὅλοι</strong></span> <span class='ocrx_word' id='word_1_57' title='bbox 828 1395 960 1482; x_wconf 71' lang='grc' dir='ltr'><strong>γίνονται</strong></span> <span class='ocrx_word' id='word_1_58' title='bbox 974 1401 1031 1457; x_wconf 83' lang='grc' dir='ltr'>τῶν</span> <span class='ocrx_word' id='word_1_59' title='bbox 1044 1389 1200 1485; x_wconf 76' lang='grc' dir='ltr'>δακρύων1</span> <span class='ocrx_word' id='word_1_60' title='bbox 1214 1397 1268 1461; x_wconf 80' lang='grc' dir='ltr'>καὶ</span> <span class='ocrx_word' id='word_1_61' title='bbox 1289 1396 1466 1481; x_wconf 84' lang='grc' dir='ltr'><strong>ἱκετεύουσι,</strong></span> 
     </span>
    </p>
   </div>
   <div class='ocr_carea' id='block_1_4' title="bbox 370 1498 1470 1927">
    <p class='ocr_par' dir='ltr' id='par_1_5' title="bbox 370 1498 1470 1927">
     <span class='ocr_line' id='line_1_9' title="bbox 373 1498 1470 1599; baseline 0.001 -27"><span class='ocrx_word' id='word_1_62' title='bbox 373 1509 425 1572; x_wconf 80' lang='grc' dir='ltr'>καὶ</span> <span class='ocrx_word' id='word_1_63' title='bbox 452 1508 485 1571; x_wconf 82' lang='grc' dir='ltr'>τὸ</span> <span class='ocrx_word' id='word_1_64' title='bbox 508 1506 605 1571; x_wconf 84' lang='grc' dir='ltr'><strong>κοινὸν</strong></span> <span class='ocrx_word' id='word_1_65' title='bbox 628 1511 707 1591; x_wconf 88' lang='grc' dir='ltr'><strong>αἱμα</strong></span> <span class='ocrx_word' id='word_1_66' title='bbox 725 1504 777 1568; x_wconf 83' lang='grc' dir='ltr'>καὶ</span> <span class='ocrx_word' id='word_1_67' title='bbox 799 1502 852 1572; x_wconf 75' lang='grc' dir='ltr'>τήν</span> <span class='ocrx_word' id='word_1_68' title='bbox 868 1498 1002 1592; x_wconf 70' lang='grc' dir='ltr'><strong>πατρίδα</strong></span> <span class='ocrx_word' id='word_1_69' title='bbox 1019 1502 1316 1591; x_wconf 73' lang='grc' dir='ltr'>ὑπομιμνήσκουσα·</span> <span class='ocrx_word' id='word_1_70' title='bbox 1342 1509 1470 1599; x_wconf 82' lang='grc' dir='ltr'><strong>ὄστρα-</strong></span> 
     </span>
     <span class='ocr_line' id='line_1_10' title="bbox 372 1606 1469 1710; baseline 0 -27"><span class='ocrx_word' id='word_1_71' title='bbox 372 1619 464 1707; x_wconf 73' lang='grc' dir='ltr'><strong>τκμὸς</strong></span> <span class='ocrx_word' id='word_1_72' title='bbox 489 1613 522 1682; x_wconf 73' lang='grc' dir='ltr'>δὲ</span> <span class='ocrx_word' id='word_1_73' title='bbox 542 1620 637 1681; x_wconf 85' lang='grc' dir='ltr'><strong>ἔκειτο</strong></span> <span class='ocrx_word' id='word_1_74' title='bbox 657 1614 774 1706; x_wconf 72' lang='grc' dir='ltr'><strong>ρέμχων</strong></span> <span class='ocrx_word' id='word_1_75' title='bbox 792 1609 879 1696; x_wconf 49' lang='lat' dir='ltr'>tritt</span> <span class='ocrx_word' id='word_1_76' title='bbox 899 1611 956 1688; x_wconf 74' lang='grc' dir='ltr'>ἕως</span> <span class='ocrx_word' id='word_1_77' title='bbox 975 1606 1008 1678; x_wconf 76' lang='grc' dir='ltr'>οὗ</span> <span class='ocrx_word' id='word_1_78' title='bbox 1030 1614 1203 1692; x_wconf 81' lang='grc' dir='ltr'><strong>ἐπιστάντες</strong></span> <span class='ocrx_word' id='word_1_79' title='bbox 1223 1617 1293 1693; x_wconf 81' lang='grc' dir='ltr'><strong>τοὺς</strong></span> <span class='ocrx_word' id='word_1_80' title='bbox 1310 1618 1469 1710; x_wconf 81' lang='grc' dir='ltr'><strong>ἡμετέρους</strong></span> 
     </span>
     <span class='ocr_line' id='line_1_11' title="bbox 372 1722 1470 1820; baseline 0 -26"><span class='ocrx_word' id='word_1_81' title='bbox 372 1725 551 1820; x_wconf 81' lang='grc' dir='ltr'><strong>απύσραξαν</strong></span> <span class='ocrx_word' id='word_1_82' title='bbox 569 1728 595 1792; x_wconf 82' lang='grc' dir='ltr'>οἱ</span> <span class='ocrx_word' id='word_1_83' title='bbox 614 1725 768 1813; x_wconf 86' lang='grc' dir='ltr'><strong>πολέμιοι,</strong></span> <span class='ocrx_word' id='word_1_84' title='bbox 788 1728 818 1788; x_wconf 91' lang='grc' dir='ltr'>τί</span> <span class='ocrx_word' id='word_1_85' title='bbox 835 1722 887 1810; x_wconf 78' lang='grc' dir='ltr'>μὲν</span> <span class='ocrx_word' id='word_1_86' title='bbox 905 1723 940 1788; x_wconf 85' lang='grc' dir='ltr'>ού</span> <span class='ocrx_word' id='word_1_87' title='bbox 957 1723 1118 1815; x_wconf 72' lang='grc' dir='ltr'><strong>λέγοντας,</strong></span> <span class='ocrx_word' id='word_1_88' title='bbox 1138 1729 1169 1791; x_wconf 87' lang='grc' dir='ltr'>τί</span> <span class='ocrx_word' id='word_1_89' title='bbox 1183 1723 1213 1792; x_wconf 72' lang='grc' dir='ltr'>δ’</span> <span class='ocrx_word' id='word_1_90' title='bbox 1232 1728 1470 1820; x_wconf 61' lang='lat' dir='ltr'>comprimentes</span> 
     </span>
     <span class='ocr_line' id='line_1_12' title="bbox 370 1830 1467 1927; baseline 0.004 -26"><span class='ocrx_word' id='word_1_91' title='bbox 370 1847 428 1903; x_wconf 83' lang='grc' dir='ltr'>τῶν</span> <span class='ocrx_word' id='word_1_92' title='bbox 451 1838 510 1904; x_wconf 86' lang='grc' dir='ltr'>ὅσα</span> <span class='ocrx_word' id='word_1_93' title='bbox 531 1837 695 1925; x_wconf 76' lang='grc' dir='ltr'><strong>ψυχὴν...</strong></span> <span class='ocrx_word' id='word_1_94' title='bbox 716 1831 786 1900; x_wconf 75' lang='grc' dir='ltr'>καὶ3</span> <span class='ocrx_word' id='word_1_95' title='bbox 803 1835 876 1925; x_wconf 86' lang='grc' dir='ltr'><strong>πρὸς</strong></span> <span class='ocrx_word' id='word_1_96' title='bbox 893 1830 992 1899; x_wconf 80' lang='grc' dir='ltr'><strong>οἶκτον</strong></span> <span class='ocrx_word' id='word_1_97' title='bbox 1022 1842 1108 1926; x_wconf 75' lang='grc' dir='ltr'><strong>οἴγειν</strong></span> <span class='ocrx_word' id='word_1_98' title='bbox 1125 1839 1176 1902; x_wconf 76' lang='grc' dir='ltr'>καὶ</span> <span class='ocrx_word' id='word_1_99' title='bbox 1202 1839 1253 1903; x_wconf 83' lang='grc' dir='ltr'>τὸν</span> <span class='ocrx_word' id='word_1_100' title='bbox 1272 1835 1467 1927; x_wconf 63' lang='grc' dir='ltr'><strong>ἀδάμαντα’.</strong></span> 
     </span>
    </p>
   </div>
   <div class='ocr_carea' id='block_1_5' title="bbox 371 2079 1493 4505">
    <p class='ocr_par' dir='ltr' id='par_1_6' title="bbox 371 2079 1469 2307">
     <span class='ocr_line' id='line_1_13' title="bbox 406 2079 1469 2150; baseline 0.004 -19"><span class='ocrx_word' id='word_1_101' title='bbox 406 2084 412 2109; x_wconf 87' lang='lat'>¹</span> <span class='ocrx_word' id='word_1_102' title='bbox 427 2085 492 2134; x_wconf 67' lang='lat' dir='ltr'>“Olor</span> <span class='ocrx_word' id='word_1_103' title='bbox 505 2095 608 2147; x_wconf 68' lang='lat' dir='ltr'>pererrat</span> <span class='ocrx_word' id='word_1_104' title='bbox 623 2093 668 2134; x_wconf 74' lang='grc' dir='ltr'>τῶν</span> <span class='ocrx_word' id='word_1_105' title='bbox 681 2082 717 2146; x_wconf 82' lang='grc' dir='ltr'>δ.]</span> <span class='ocrx_word' id='word_1_106' title='bbox 730 2080 786 2131; x_wconf 87' lang='lat' dir='ltr'>vide</span> <span class='ocrx_word' id='word_1_107' title='bbox 802 2097 829 2145; x_wconf 87' lang='lat' dir='ltr'>p.</span> <span class='ocrx_word' id='word_1_108' title='bbox 848 2081 907 2137; x_wconf 81' lang='lat' dir='ltr'>tlt,</span> <span class='ocrx_word' id='word_1_109' title='bbox 936 2079 1008 2143; x_wconf 90' lang='lat' dir='ltr'>hujus</span> <span class='ocrx_word' id='word_1_110' title='bbox 1024 2080 1164 2131; x_wconf 83' lang='lat' dir='ltr'>Libanianse</span> <span class='ocrx_word' id='word_1_111' title='bbox 1184 2084 1302 2134; x_wconf 88' lang='lat' dir='ltr'>orationis</span> <span class='ocrx_word' id='word_1_112' title='bbox 1322 2086 1427 2150; x_wconf 89' lang='lat' dir='ltr'>apposui</span> <span class='ocrx_word' id='word_1_113' title='bbox 1442 2085 1469 2134; x_wconf 84' lang='lat' dir='ltr'>ad</span> 
     </span>
     <span class='ocr_line' id='line_1_14' title="bbox 372 2158 1469 2227; baseline 0.003 -17"><span class='ocrx_word' id='word_1_114' title='bbox 372 2178 397 2211; x_wconf 87' lang='lat' dir='ltr'>o.</span> <span class='ocrx_word' id='word_1_115' title='bbox 414 2164 438 2211; x_wconf 68' lang='lat' dir='ltr'>t.</span> <span class='ocrx_word' id='word_1_116' title='bbox 452 2162 486 2212; x_wconf 92' lang='lat' dir='ltr'>lbi</span> <span class='ocrx_word' id='word_1_117' title='bbox 499 2163 555 2219; x_wconf 75' lang='grc' dir='ltr'><strong>ὅλως</strong></span> <span class='ocrx_word' id='word_1_118' title='bbox 570 2176 615 2226; x_wconf 92' lang='lat' dir='ltr'>pro</span> <span class='ocrx_word' id='word_1_119' title='bbox 628 2161 678 2218; x_wconf 80' lang='grc' dir='ltr'><strong>ὅλος</strong></span> <span class='ocrx_word' id='word_1_120' title='bbox 688 2160 804 2210; x_wconf 91' lang='lat' dir='ltr'>mendum</span> <span class='ocrx_word' id='word_1_121' title='bbox 816 2168 853 2207; x_wconf 92' lang='lat' dir='ltr'>est</span> <span class='ocrx_word' id='word_1_122' title='bbox 870 2166 909 2221; x_wconf 83' lang='lat' dir='ltr'>ty·</span> <span class='ocrx_word' id='word_1_123' title='bbox 936 2158 1062 2210; x_wconf 79' lang='lat' dir='ltr'>dneedota</span> <span class='ocrx_word' id='word_1_124' title='bbox 1077 2160 1120 2210; x_wconf 90' lang='lat' dir='ltr'>Gr.</span> <span class='ocrx_word' id='word_1_125' title='bbox 1134 2171 1152 2211; x_wconf 89' lang='lat' dir='ltr'>t.</span> <span class='ocrx_word' id='word_1_126' title='bbox 1165 2161 1207 2222; x_wconf 80' lang='lat' dir='ltr'>lV,</span> <span class='ocrx_word' id='word_1_127' title='bbox 1220 2178 1247 2227; x_wconf 89' lang='lat' dir='ltr'>p.</span> <span class='ocrx_word' id='word_1_128' title='bbox 1262 2164 1322 2212; x_wconf 71' lang='lat'><strong>906.</strong></span> <span class='ocrx_word' id='word_1_129' title='bbox 1335 2164 1469 2214; x_wconf 81' lang='lat' dir='ltr'>Putaverim</span> 
     </span>
     <span class='ocr_line' id='line_1_15' title="bbox 371 2236 1469 2307; baseline 0.006 -23"><span class='ocrx_word' id='word_1_130' title='bbox 371 2256 468 2305; x_wconf 78' lang='lat' dir='ltr'>porum.</span> <span class='ocrx_word' id='word_1_131' title='bbox 936 2236 1008 2300; x_wconf 84' lang='lat' dir='ltr'>igitur</span> <span class='ocrx_word' id='word_1_132' title='bbox 1025 2248 1081 2301; x_wconf 88' lang='lat' dir='ltr'>post</span> <span class='ocrx_word' id='word_1_133' title='bbox 1101 2249 1147 2289; x_wconf 85' lang='grc' dir='ltr'>τῶν</span> <span class='ocrx_word' id='word_1_134' title='bbox 1166 2240 1226 2289; x_wconf 90' lang='lat' dir='ltr'>nihii</span> <span class='ocrx_word' id='word_1_135' title='bbox 1247 2241 1315 2307; x_wconf 88' lang='lat' dir='ltr'>quod</span> <span class='ocrx_word' id='word_1_136' title='bbox 1335 2258 1350 2292; x_wconf 89' lang='lat' dir='ltr'>a</span> <span class='ocrx_word' id='word_1_137' title='bbox 1372 2242 1469 2292; x_wconf 85' lang='lat' dir='ltr'>Libanio</span> 
     </span>
    </p>

    <p class='ocr_par' dir='ltr' id='par_1_7' title="bbox 373 2315 1470 3166">
     <span class='ocr_line' id='line_1_16' title="bbox 406 2315 1469 2380; baseline 0 -11"><span class='ocrx_word' id='word_1_138' title='bbox 406 2318 415 2344; x_wconf 80' lang='lat'>²</span> <span class='ocrx_word' id='word_1_139' title='bbox 429 2319 502 2369; x_wconf 83' lang='lat' dir='ltr'>Redit</span> <span class='ocrx_word' id='word_1_140' title='bbox 512 2319 536 2368; x_wconf 91' lang='lat' dir='ltr'>in</span> <span class='ocrx_word' id='word_1_141' title='bbox 549 2319 691 2368; x_wconf 82' lang='lat' dir='ltr'>memoriam</span> <span class='ocrx_word' id='word_1_142' title='bbox 706 2315 845 2366; x_wconf 88' lang='lat' dir='ltr'>notissimus</span> <span class='ocrx_word' id='word_1_143' title='bbox 858 2315 909 2364; x_wconf 89' lang='lat' dir='ltr'>Nu·</span> <span class='ocrx_word' id='word_1_144' title='bbox 935 2315 1053 2380; x_wconf 88' lang='lat' dir='ltr'>scriptum</span> <span class='ocrx_word' id='word_1_145' title='bbox 1065 2315 1138 2367; x_wconf 86' lang='lat' dir='ltr'>luerit</span> <span class='ocrx_word' id='word_1_146' title='bbox 1148 2333 1212 2367; x_wconf 89' lang='lat' dir='ltr'>nunc</span> <span class='ocrx_word' id='word_1_147' title='bbox 1221 2319 1319 2369; x_wconf 79' lang='lat' dir='ltr'>deesse.</span> <span class='ocrx_word' id='word_1_148' title='bbox 1332 2320 1359 2369; x_wconf 90' lang='lat' dir='ltr'>ln</span> <span class='ocrx_word' id='word_1_149' title='bbox 1370 2321 1469 2372; x_wconf 88' lang='lat' dir='ltr'>articulo</span> 
     </span>
     <span class='ocr_line' id='line_1_17' title="bbox 373 2393 1469 2464; baseline 0.002 -17"><span class='ocrx_word' id='word_1_150' title='bbox 373 2398 440 2448; x_wconf 92' lang='lat' dir='ltr'>bium</span> <span class='ocrx_word' id='word_1_151' title='bbox 458 2398 526 2448; x_wconf 90' lang='lat' dir='ltr'>locus</span> <span class='ocrx_word' id='word_1_152' title='bbox 546 2417 552 2446; x_wconf 83' lang='grc' dir='ltr'><strong>ι</strong></span> <span class='ocrx_word' id='word_1_153' title='bbox 573 2400 603 2448; x_wconf 83' lang='grc' dir='ltr'>Οἱ</span> <span class='ocrx_word' id='word_1_154' title='bbox 627 2398 647 2446; x_wconf 84' lang='grc' dir='ltr'>δ’</span> <span class='ocrx_word' id='word_1_155' title='bbox 670 2400 759 2447; x_wconf 80' lang='grc' dir='ltr'><strong>οἰκέται</strong></span> <span class='ocrx_word' id='word_1_156' title='bbox 780 2397 907 2464; x_wconf 73' lang='grc' dir='ltr'><strong>ῥέγκουσιν.</strong></span> <span class='ocrx_word' id='word_1_157' title='bbox 935 2393 1043 2443; x_wconf 82' lang='lat' dir='ltr'>substitit</span> <span class='ocrx_word' id='word_1_158' title='bbox 1066 2397 1169 2445; x_wconf 86' lang='lat' dir='ltr'>oratoris</span> <span class='ocrx_word' id='word_1_159' title='bbox 1193 2396 1317 2458; x_wconf 80' lang='lat' dir='ltr'>calamus,</span> <span class='ocrx_word' id='word_1_160' title='bbox 1341 2414 1469 2463; x_wconf 86' lang='lat' dir='ltr'>suppresso</span> 
     </span>
     <span class='ocr_line' id='line_1_18' title="bbox 373 2473 1470 2544; baseline 0.002 -19"><span class='ocrx_word' id='word_1_161' title='bbox 373 2477 489 2542; x_wconf 69' lang='lat' dir='ltr'>agathias</span> <span class='ocrx_word' id='word_1_162' title='bbox 502 2477 549 2542; x_wconf 81' lang='lat' dir='ltr'>Ep.</span> <span class='ocrx_word' id='word_1_163' title='bbox 566 2479 614 2526; x_wconf 79' lang='lat'>26:</span> <span class='ocrx_word' id='word_1_164' title='bbox 630 2480 659 2527; x_wconf 84' lang='grc' dir='ltr'>Οἱ</span> <span class='ocrx_word' id='word_1_165' title='bbox 680 2478 705 2526; x_wconf 81' lang='grc' dir='ltr'>δὲ</span> <span class='ocrx_word' id='word_1_166' title='bbox 726 2482 771 2526; x_wconf 78' lang='grc' dir='ltr'><strong>νέοι</strong></span> <span class='ocrx_word' id='word_1_167' title='bbox 788 2477 906 2544; x_wconf 67' lang='grc' dir='ltr'><strong>ρέρχουει.</strong></span> <span class='ocrx_word' id='word_1_168' title='bbox 936 2473 1035 2522; x_wconf 89' lang='lat' dir='ltr'>nomine</span> <span class='ocrx_word' id='word_1_169' title='bbox 1046 2473 1112 2538; x_wconf 90' lang='lat' dir='ltr'>quod</span> <span class='ocrx_word' id='word_1_170' title='bbox 1127 2474 1221 2524; x_wconf 87' lang='lat' dir='ltr'>Joviaui</span> <span class='ocrx_word' id='word_1_171' title='bbox 1237 2473 1342 2525; x_wconf 74' lang='lat' dir='ltr'>laesisset</span> <span class='ocrx_word' id='word_1_172' title='bbox 1359 2474 1470 2541; x_wconf 84' lang='lat' dir='ltr'>majesta·</span> 
     </span>
     <span class='ocr_line' id='line_1_19' title="bbox 373 2551 1469 2620; baseline 0.001 -16"><span class='ocrx_word' id='word_1_173' title='bbox 373 2555 502 2617; x_wconf 78' lang='lat' dir='ltr'>bibacius,</span> <span class='ocrx_word' id='word_1_174' title='bbox 515 2566 533 2603; x_wconf 92' lang='lat' dir='ltr'>t.</span> <span class='ocrx_word' id='word_1_175' title='bbox 545 2555 593 2617; x_wconf 85' lang='grc' dir='ltr'><strong>ΙΙΙ,</strong></span> <span class='ocrx_word' id='word_1_176' title='bbox 606 2572 633 2620; x_wconf 87' lang='lat' dir='ltr'>p.</span> <span class='ocrx_word' id='word_1_177' title='bbox 647 2555 694 2604; x_wconf 80' lang='lat' dir='ltr'>tta</span> <span class='ocrx_word' id='word_1_178' title='bbox 708 2575 715 2603; x_wconf 78' lang='grc' dir='ltr'><strong>ι</strong></span> <span class='ocrx_word' id='word_1_179' title='bbox 731 2561 777 2604; x_wconf 81' lang='grc' dir='ltr'><strong>νέοι</strong></span> <span class='ocrx_word' id='word_1_180' title='bbox 790 2555 830 2612; x_wconf 82' lang='grc' dir='ltr'>δέ,</span> <span class='ocrx_word' id='word_1_181' title='bbox 846 2555 908 2602; x_wconf 77' lang='grc' dir='ltr'><strong>ταύ-</strong></span> <span class='ocrx_word' id='word_1_182' title='bbox 936 2559 994 2600; x_wconf 89' lang='lat' dir='ltr'>tem.</span> <span class='ocrx_word' id='word_1_183' title='bbox 1007 2551 1127 2612; x_wconf 86' lang='lat' dir='ltr'>Ederem,</span> <span class='ocrx_word' id='word_1_184' title='bbox 1141 2552 1212 2602; x_wconf 90' lang='lat' dir='ltr'>sires</span> <span class='ocrx_word' id='word_1_185' title='bbox 1226 2552 1309 2603; x_wconf 90' lang='lat' dir='ltr'>adme</span> <span class='ocrx_word' id='word_1_186' title='bbox 1322 2555 1469 2620; x_wconf 81' lang='lat' dir='ltr'>pertineret,</span> 
     </span>
     <span class='ocr_line' id='line_1_20' title="bbox 373 2630 1469 2704; baseline -0.001 -20"><span class='ocrx_word' id='word_1_187' title='bbox 373 2655 414 2692; x_wconf 81' lang='grc' dir='ltr'>την</span> <span class='ocrx_word' id='word_1_188' title='bbox 436 2638 610 2703; x_wconf 73' lang='grc' dir='ltr'><strong>παραλαύύντες</strong></span> <span class='ocrx_word' id='word_1_189' title='bbox 629 2643 671 2690; x_wconf 81' lang='grc' dir='ltr'>τὴν</span> <span class='ocrx_word' id='word_1_190' title='bbox 692 2637 806 2693; x_wconf 79' lang='grc' dir='ltr'><strong>ἐξουσίαν,</strong></span> <span class='ocrx_word' id='word_1_191' title='bbox 826 2633 907 2681; x_wconf 83' lang='grc' dir='ltr'><strong>καθεύ-</strong></span> <span class='ocrx_word' id='word_1_192' title='bbox 935 2630 980 2680; x_wconf 80' lang='grc' dir='ltr'>ὑπὸ</span> <span class='ocrx_word' id='word_1_193' title='bbox 997 2632 1023 2680; x_wconf 84' lang='grc' dir='ltr'>δὲ</span> <span class='ocrx_word' id='word_1_194' title='bbox 1035 2633 1216 2696; x_wconf 78' lang='grc' dir='ltr'><strong>τῶν-ἀτίμως</strong></span> <span class='ocrx_word' id='word_1_195' title='bbox 1227 2634 1276 2681; x_wconf 68' lang='lat' dir='ltr'>tae.</span> <span class='ocrx_word' id='word_1_196' title='bbox 1293 2633 1402 2704; x_wconf 76' lang='lat' dir='ltr'>inspecti</span> <span class='ocrx_word' id='word_1_197' title='bbox 1413 2633 1469 2683; x_wconf 78' lang='lat' dir='ltr'>reli·</span> 
     </span>
     <span class='ocr_line' id='line_1_21' title="bbox 374 2709 1291 2781; baseline -0.003 -18"><span class='ocrx_word' id='word_1_198' title='bbox 374 2716 454 2775; x_wconf 85' lang='grc' dir='ltr'><strong>δσυσι,</strong></span> <span class='ocrx_word' id='word_1_199' title='bbox 472 2716 597 2781; x_wconf 72' lang='grc' dir='ltr'><strong>ρέγχσνσι,</strong></span> <span class='ocrx_word' id='word_1_200' title='bbox 618 2716 743 2776; x_wconf 81' lang='grc' dir='ltr'><strong>μεθύουσι,</strong></span> <span class='ocrx_word' id='word_1_201' title='bbox 763 2716 907 2774; x_wconf 81' lang='grc' dir='ltr'><strong>κωμάζοντι.</strong></span> <span class='ocrx_word' id='word_1_202' title='bbox 935 2709 976 2771; x_wconf 84' lang='lat' dir='ltr'>qui</span> <span class='ocrx_word' id='word_1_203' title='bbox 989 2709 1088 2759; x_wconf 82' lang='lat' dir='ltr'>codices</span> <span class='ocrx_word' id='word_1_204' title='bbox 1099 2725 1151 2759; x_wconf 84' lang='lat' dir='ltr'>rem</span> <span class='ocrx_word' id='word_1_205' title='bbox 1163 2710 1291 2760; x_wconf 81' lang='lat' dir='ltr'>secabunt.</span> 
     </span>
     <span class='ocr_line' id='line_1_22' title="bbox 374 2785 1469 2860; baseline 0 -19"><span class='ocrx_word' id='word_1_206' title='bbox 374 2792 432 2841; x_wconf 86' lang='lat' dir='ltr'>Post</span> <span class='ocrx_word' id='word_1_207' title='bbox 445 2794 511 2860; x_wconf 71' lang='grc' dir='ltr'><strong>ρένχ.</strong></span> <span class='ocrx_word' id='word_1_208' title='bbox 534 2792 558 2839; x_wconf 89' lang='lat' dir='ltr'>io</span> <span class='ocrx_word' id='word_1_209' title='bbox 576 2790 720 2840; x_wconf 78' lang='lat' dir='ltr'>Moselliana</span> <span class='ocrx_word' id='word_1_210' title='bbox 733 2799 770 2838; x_wconf 91' lang='lat' dir='ltr'>est</span> <span class='ocrx_word' id='word_1_211' title='bbox 783 2794 907 2847; x_wconf 74' lang='grc' dir='ltr'><strong>πενθοῦσι,</strong></span> <span class='ocrx_word' id='word_1_212' title='bbox 969 2785 979 2811; x_wconf 80' lang='lat'><strong>⁴</strong></span> <span class='ocrx_word' id='word_1_213' title='bbox 992 2788 1090 2837; x_wconf 89' lang='lat' dir='ltr'>Ovidius</span> <span class='ocrx_word' id='word_1_214' title='bbox 1102 2788 1131 2836; x_wconf 84' lang='lat' dir='ltr'>ll.</span> <span class='ocrx_word' id='word_1_215' title='bbox 1144 2788 1174 2838; x_wconf 86' lang='grc' dir='ltr'>Α.</span> <span class='ocrx_word' id='word_1_216' title='bbox 1189 2793 1212 2846; x_wconf 84' lang='lat' dir='ltr'>l,</span> <span class='ocrx_word' id='word_1_217' title='bbox 1222 2790 1288 2838; x_wconf 72' lang='lat' dir='ltr'>ete:</span> <span class='ocrx_word' id='word_1_218' title='bbox 1301 2790 1469 2857; x_wconf 78' lang='lat' dir='ltr'>«Etlacryma</span> 
     </span>
     <span class='ocr_line' id='line_1_23' title="bbox 374 2866 1467 2934; baseline 0.002 -16"><span class='ocrx_word' id='word_1_219' title='bbox 374 2869 439 2934; x_wconf 85' lang='lat' dir='ltr'>quod</span> <span class='ocrx_word' id='word_1_220' title='bbox 451 2869 541 2917; x_wconf 82' lang='lat' dir='ltr'>delevit</span> <span class='ocrx_word' id='word_1_221' title='bbox 553 2867 675 2928; x_wconf 85' lang='lat' dir='ltr'>Reiskius,</span> <span class='ocrx_word' id='word_1_222' title='bbox 685 2883 734 2916; x_wconf 92' lang='lat' dir='ltr'>non</span> <span class='ocrx_word' id='word_1_223' title='bbox 746 2876 871 2931; x_wconf 88' lang='lat' dir='ltr'>repertum</span> <span class='ocrx_word' id='word_1_224' title='bbox 883 2866 907 2913; x_wconf 90' lang='lat' dir='ltr'>in</span> <span class='ocrx_word' id='word_1_225' title='bbox 935 2877 1052 2930; x_wconf 89' lang='lat' dir='ltr'>prosunt;</span> <span class='ocrx_word' id='word_1_226' title='bbox 1063 2866 1177 2932; x_wconf 77' lang='lat' dir='ltr'>lacrymis</span> <span class='ocrx_word' id='word_1_227' title='bbox 1187 2867 1318 2917; x_wconf 79' lang='lat' dir='ltr'>adamanta</span> <span class='ocrx_word' id='word_1_228' title='bbox 1326 2868 1435 2918; x_wconf 82' lang='lat' dir='ltr'>movebis</span> <span class='ocrx_word' id='word_1_229' title='bbox 1447 2888 1467 2919; x_wconf 76' lang='grc' dir='ltr'>ι.</span> 
     </span>
     <span class='ocr_line' id='line_1_24' title="bbox 374 2944 1467 3009; baseline 0.001 -14"><span class='ocrx_word' id='word_1_230' title='bbox 374 2945 655 2996; x_wconf 84' lang='lat' dir='ltr'>suossavaricocodice.</span> <span class='ocrx_word' id='word_1_231' title='bbox 674 2945 723 2995; x_wconf 89' lang='lat' dir='ltr'>Sed</span> <span class='ocrx_word' id='word_1_232' title='bbox 741 2944 907 2993; x_wconf 89' lang='lat' dir='ltr'>videtureor-</span> <span class='ocrx_word' id='word_1_233' title='bbox 935 2944 1037 2994; x_wconf 84' lang='lat' dir='ltr'>Martiali</span> <span class='ocrx_word' id='word_1_234' title='bbox 1066 2946 1190 3009; x_wconf 69' lang='lat' dir='ltr'>praeivisse</span> <span class='ocrx_word' id='word_1_235' title='bbox 1219 2946 1317 2996; x_wconf 83' lang='lat' dir='ltr'>ridetur</span> <span class='ocrx_word' id='word_1_236' title='bbox 1338 2951 1369 3008; x_wconf 83' lang='lat'>7,</span> <span class='ocrx_word' id='word_1_237' title='bbox 1395 2950 1439 2996; x_wconf 85' lang='lat'>100</span> <span class='ocrx_word' id='word_1_238' title='bbox 1462 2967 1467 2996; x_wconf 83' lang='grc' dir='ltr'><strong>ι</strong></span> 
     </span>
     <span class='ocr_line' id='line_1_25' title="bbox 374 3021 1470 3090; baseline 0.002 -17"><span class='ocrx_word' id='word_1_239' title='bbox 374 3025 515 3090; x_wconf 77' lang='lat' dir='ltr'>rigentium,</span> <span class='ocrx_word' id='word_1_240' title='bbox 535 3040 584 3073; x_wconf 91' lang='lat' dir='ltr'>non</span> <span class='ocrx_word' id='word_1_241' title='bbox 603 3023 744 3073; x_wconf 90' lang='lat' dir='ltr'>delendum.</span> <span class='ocrx_word' id='word_1_242' title='bbox 759 3021 907 3085; x_wconf 88' lang='lat' dir='ltr'>inspiciendi</span> <span class='ocrx_word' id='word_1_243' title='bbox 937 3023 1076 3083; x_wconf 84' lang='lat' dir='ltr'>«Pontice,</span> <span class='ocrx_word' id='word_1_244' title='bbox 1096 3038 1156 3072; x_wconf 89' lang='lat' dir='ltr'>voce</span> <span class='ocrx_word' id='word_1_245' title='bbox 1178 3033 1218 3072; x_wconf 88' lang='lat' dir='ltr'>tua</span> <span class='ocrx_word' id='word_1_246' title='bbox 1241 3040 1326 3088; x_wconf 89' lang='lat' dir='ltr'>posses</span> <span class='ocrx_word' id='word_1_247' title='bbox 1344 3024 1470 3075; x_wconf 86' lang='lat' dir='ltr'>adamanta</span> 
     </span>
     <span class='ocr_line' id='line_1_26' title="bbox 375 3102 1468 3166; baseline -0.002 -12"><span class='ocrx_word' id='word_1_248' title='bbox 375 3105 413 3154; x_wconf 89' lang='lat' dir='ltr'>alii</span> <span class='ocrx_word' id='word_1_249' title='bbox 428 3104 492 3153; x_wconf 82' lang='lat' dir='ltr'>libri.</span> <span class='ocrx_word' id='word_1_250' title='bbox 512 3102 611 3153; x_wconf 88' lang='lat' dir='ltr'>Interim</span> <span class='ocrx_word' id='word_1_251' title='bbox 629 3106 866 3166; x_wconf 73' lang='lat' dir='ltr'>proponortviooor.</span> <span class='ocrx_word' id='word_1_252' title='bbox 935 3116 1034 3149; x_wconf 89' lang='lat' dir='ltr'>movere</span> <span class='ocrx_word' id='word_1_253' title='bbox 1061 3121 1083 3149; x_wconf 79' lang='grc' dir='ltr'>ν.</span> <span class='ocrx_word' id='word_1_254' title='bbox 1107 3102 1256 3165; x_wconf 81' lang='lat' dir='ltr'>interpretes</span> <span class='ocrx_word' id='word_1_255' title='bbox 1278 3102 1359 3152; x_wconf 86' lang='lat' dir='ltr'>Ovidii</span> <span class='ocrx_word' id='word_1_256' title='bbox 1383 3120 1468 3153; x_wconf 90' lang='lat' dir='ltr'>nomen</span> 
     </span>
    </p>

    <p class='ocr_par' dir='ltr' id='par_1_8' title="bbox 374 3179 1493 4505">
     <span class='ocr_line' id='line_1_27' title="bbox 408 3179 1469 3244; baseline -0.001 -13"><span class='ocrx_word' id='word_1_257' title='bbox 408 3179 908 3243; x_wconf 79' lang='lat' dir='ltr'>³lucodiceiacunuiaest,cuirespon-</span> <span class='ocrx_word' id='word_1_258' title='bbox 936 3180 1065 3228; x_wconf 88' lang='lat' dir='ltr'>adamanta</span> <span class='ocrx_word' id='word_1_259' title='bbox 1111 3179 1255 3244; x_wconf 85' lang='lat' dir='ltr'>pierumque</span> <span class='ocrx_word' id='word_1_260' title='bbox 1298 3191 1469 3231; x_wconf 89' lang='lat' dir='ltr'>converterunt</span> 
     </span>
     <span class='ocr_line' id='line_1_28' title="bbox 374 3258 1469 3325; baseline -0.002 -15"><span class='ocrx_word' id='word_1_261' title='bbox 374 3262 433 3310; x_wconf 93' lang='lat' dir='ltr'>dent</span> <span class='ocrx_word' id='word_1_262' title='bbox 448 3260 560 3325; x_wconf 89' lang='lat' dir='ltr'>superius</span> <span class='ocrx_word' id='word_1_263' title='bbox 573 3259 672 3324; x_wconf 86' lang='lat' dir='ltr'>syllabae</span> <span class='ocrx_word' id='word_1_264' title='bbox 689 3279 725 3315; x_wconf 82' lang='grc' dir='ltr'>τες</span> <span class='ocrx_word' id='word_1_265' title='bbox 745 3264 798 3315; x_wconf 78' lang='grc' dir='ltr'><strong>τοὺς</strong></span> <span class='ocrx_word' id='word_1_266' title='bbox 812 3264 907 3325; x_wconf 73' lang='grc' dir='ltr'><strong>ἡμετέρ.</strong></span> <span class='ocrx_word' id='word_1_267' title='bbox 935 3259 1007 3306; x_wconf 90' lang='lat' dir='ltr'>maie.</span> <span class='ocrx_word' id='word_1_268' title='bbox 1020 3258 1143 3307; x_wconf 81' lang='lat' dir='ltr'>Mamilius</span> <span class='ocrx_word' id='word_1_269' title='bbox 1156 3278 1162 3306; x_wconf 78' lang='grc' dir='ltr'><strong>ι</strong></span> <span class='ocrx_word' id='word_1_270' title='bbox 1177 3274 1260 3306; x_wconf 76' lang='lat' dir='ltr'>«vous</span> <span class='ocrx_word' id='word_1_271' title='bbox 1273 3261 1388 3323; x_wconf 84' lang='lat' dir='ltr'>pourriez</span> <span class='ocrx_word' id='word_1_272' title='bbox 1400 3259 1469 3310; x_wconf 91' lang='lat' dir='ltr'>amol-</span> 
     </span>
     <span class='ocr_line' id='line_1_29' title="bbox 374 3336 1469 3402; baseline -0.001 -14"><span class='ocrx_word' id='word_1_273' title='bbox 374 3340 485 3389; x_wconf 81' lang='lat' dir='ltr'>Fortasse</span> <span class='ocrx_word' id='word_1_274' title='bbox 500 3337 637 3402; x_wconf 87' lang='lat' dir='ltr'>supplenda</span> <span class='ocrx_word' id='word_1_275' title='bbox 651 3353 680 3386; x_wconf 92' lang='lat' dir='ltr'>eo</span> <span class='ocrx_word' id='word_1_276' title='bbox 697 3337 770 3386; x_wconf 89' lang='lat' dir='ltr'>modo</span> <span class='ocrx_word' id='word_1_277' title='bbox 785 3357 790 3385; x_wconf 91' lang='lat'>:</span> <span class='ocrx_word' id='word_1_278' title='bbox 806 3348 851 3386; x_wconf 81' lang='grc' dir='ltr'>τῶν</span> <span class='ocrx_word' id='word_1_279' title='bbox 866 3337 908 3386; x_wconf 82' lang='grc' dir='ltr'>ὅσα</span> <span class='ocrx_word' id='word_1_280' title='bbox 935 3336 965 3385; x_wconf 91' lang='lat' dir='ltr'>iir</span> <span class='ocrx_word' id='word_1_281' title='bbox 985 3338 1020 3384; x_wconf 89' lang='lat' dir='ltr'>les</span> <span class='ocrx_word' id='word_1_282' title='bbox 1035 3337 1154 3386; x_wconf 91' lang='lat' dir='ltr'>diamants</span> <span class='ocrx_word' id='word_1_283' title='bbox 1171 3353 1273 3401; x_wconf 90' lang='lat' dir='ltr'>parvos</span> <span class='ocrx_word' id='word_1_284' title='bbox 1291 3339 1384 3388; x_wconf 87' lang='lat' dir='ltr'>iarmes</span> <span class='ocrx_word' id='word_1_285' title='bbox 1396 3358 1418 3385; x_wconf 82' lang='lat'>».</span> <span class='ocrx_word' id='word_1_286' title='bbox 1430 3339 1469 3387; x_wconf 88' lang='lat' dir='ltr'>lu-</span> 
     </span>
     <span class='ocr_line' id='line_1_30' title="bbox 375 3414 1470 3484; baseline -0.003 -16"><span class='ocrx_word' id='word_1_287' title='bbox 375 3426 449 3484; x_wconf 77' lang='grc' dir='ltr'><strong>ψυχὴν</strong></span> <span class='ocrx_word' id='word_1_288' title='bbox 457 3425 573 3483; x_wconf 78' lang='grc' dir='ltr'><strong>κάμπτειν</strong></span> <span class='ocrx_word' id='word_1_289' title='bbox 584 3418 692 3466; x_wconf 80' lang='grc' dir='ltr'><strong>δύναται.</strong></span> <span class='ocrx_word' id='word_1_290' title='bbox 704 3415 788 3465; x_wconf 88' lang='lat' dir='ltr'>Credit</span> <span class='ocrx_word' id='word_1_291' title='bbox 797 3414 908 3464; x_wconf 86' lang='lat' dir='ltr'>Reiskius</span> <span class='ocrx_word' id='word_1_292' title='bbox 936 3424 1030 3479; x_wconf 90' lang='lat' dir='ltr'>terpres</span> <span class='ocrx_word' id='word_1_293' title='bbox 1039 3415 1159 3480; x_wconf 83' lang='lat' dir='ltr'>Hispanus</span> <span class='ocrx_word' id='word_1_294' title='bbox 1170 3430 1251 3464; x_wconf 68' lang='lat' dir='ltr'>:econ</span> <span class='ocrx_word' id='word_1_295' title='bbox 1264 3416 1380 3480; x_wconf 85' lang='lat' dir='ltr'>lagrimas</span> <span class='ocrx_word' id='word_1_296' title='bbox 1392 3416 1470 3467; x_wconf 87' lang='lat' dir='ltr'>abian-</span> 
     </span>
     <span class='ocr_line' id='line_1_31' title="bbox 375 3493 1467 3553; baseline -0.003 -6"><span class='ocrx_word' id='word_1_297' title='bbox 375 3515 429 3547; x_wconf 86' lang='lat' dir='ltr'>esse</span> <span class='ocrx_word' id='word_1_298' title='bbox 450 3496 588 3546; x_wconf 85' lang='lat' dir='ltr'>iacunuiam</span> <span class='ocrx_word' id='word_1_299' title='bbox 602 3495 625 3543; x_wconf 88' lang='lat' dir='ltr'>iu</span> <span class='ocrx_word' id='word_1_300' title='bbox 643 3495 710 3544; x_wconf 90' lang='lat' dir='ltr'>hisce</span> <span class='ocrx_word' id='word_1_301' title='bbox 723 3495 832 3553; x_wconf 84' lang='lat' dir='ltr'>Libanii,</span> <span class='ocrx_word' id='word_1_302' title='bbox 849 3504 865 3542; x_wconf 91' lang='lat' dir='ltr'>t.</span> <span class='ocrx_word' id='word_1_303' title='bbox 883 3495 908 3552; x_wconf 95' lang='lat' dir='ltr'>l,</span> <span class='ocrx_word' id='word_1_304' title='bbox 936 3493 1016 3543; x_wconf 76' lang='lat' dir='ltr'>dardis</span> <span class='ocrx_word' id='word_1_305' title='bbox 1035 3495 1048 3542; x_wconf 81' lang='lat' dir='ltr'>ai</span> <span class='ocrx_word' id='word_1_306' title='bbox 1071 3495 1106 3542; x_wconf 90' lang='lat' dir='ltr'>ios</span> <span class='ocrx_word' id='word_1_307' title='bbox 1127 3494 1263 3545; x_wconf 86' lang='lat' dir='ltr'>diamantes</span> <span class='ocrx_word' id='word_1_308' title='bbox 1276 3514 1299 3543; x_wconf 78' lang='lat' dir='ltr'>u.</span> <span class='ocrx_word' id='word_1_309' title='bbox 1321 3496 1467 3546; x_wconf 88' lang='lat' dir='ltr'>Vernicius:</span> 
     </span>
     <span class='ocr_line' id='line_1_32' title="bbox 375 3573 1493 3645; baseline 0.001 -22"><span class='ocrx_word' id='word_1_310' title='bbox 375 3577 548 3640; x_wconf 75' lang='grc' dir='ltr'><strong>ρ.519τὸμὲν</strong></span> <span class='ocrx_word' id='word_1_311' title='bbox 558 3575 617 3638; x_wconf 78' lang='grc' dir='ltr'><strong>ὑμᾶς</strong></span> <span class='ocrx_word' id='word_1_312' title='bbox 627 3573 774 3638; x_wconf 76' lang='grc' dir='ltr'><strong>(ἀγάλματα)</strong></span> <span class='ocrx_word' id='word_1_313' title='bbox 786 3575 907 3641; x_wconf 81' lang='grc' dir='ltr'><strong>ἱδρύσατο,</strong></span> <span class='ocrx_word' id='word_1_314' title='bbox 937 3573 1069 3636; x_wconf 68' lang='lat' dir='ltr'>«Bagoalc</span> <span class='ocrx_word' id='word_1_315' title='bbox 1092 3574 1145 3622; x_wconf 79' lang='lat' dir='ltr'>miri</span> <span class='ocrx_word' id='word_1_316' title='bbox 1169 3574 1216 3623; x_wconf 74' lang='lat' dir='ltr'>ella</span> <span class='ocrx_word' id='word_1_317' title='bbox 1246 3584 1287 3622; x_wconf 85' lang='lat' dir='ltr'>lue</span> <span class='ocrx_word' id='word_1_318' title='bbox 1313 3576 1418 3638; x_wconf 77' lang='lat' dir='ltr'>gudncie</span> <span class='ocrx_word' id='word_1_319' title='bbox 1440 3591 1493 3645; x_wconf 58' lang='lat' dir='ltr'>un·</span> 
     </span>
     <span class='ocr_line' id='line_1_33' title="bbox 376 3652 1468 3717; baseline 0.002 -15"><span class='ocrx_word' id='word_1_320' title='bbox 376 3655 420 3704; x_wconf 82' lang='grc' dir='ltr'>ὑπὸ</span> <span class='ocrx_word' id='word_1_321' title='bbox 433 3656 457 3703; x_wconf 78' lang='grc' dir='ltr'>δὲ</span> <span class='ocrx_word' id='word_1_322' title='bbox 467 3664 512 3702; x_wconf 77' lang='grc' dir='ltr'>τῶν</span> <span class='ocrx_word' id='word_1_323' title='bbox 529 3656 619 3717; x_wconf 83' lang='grc' dir='ltr'><strong>ἀτίμως</strong></span> <span class='ocrx_word' id='word_1_324' title='bbox 634 3656 776 3708; x_wconf 62' lang='lat' dir='ltr'>iniecturos.</span> <span class='ocrx_word' id='word_1_325' title='bbox 795 3653 851 3700; x_wconf 85' lang='lat' dir='ltr'>Post</span> <span class='ocrx_word' id='word_1_326' title='bbox 863 3661 909 3701; x_wconf 83' lang='grc' dir='ltr'>τῶν</span> <span class='ocrx_word' id='word_1_327' title='bbox 936 3668 999 3714; x_wconf 87' lang='lat' dir='ltr'>poco</span> <span class='ocrx_word' id='word_1_328' title='bbox 1009 3673 1014 3711; x_wconf 88' lang='lat'>;</span> <span class='ocrx_word' id='word_1_329' title='bbox 1026 3652 1086 3712; x_wconf 83' lang='lat' dir='ltr'>Quai</span> <span class='ocrx_word' id='word_1_330' title='bbox 1096 3653 1218 3702; x_wconf 88' lang='lat' dir='ltr'>diamante</span> <span class='ocrx_word' id='word_1_331' title='bbox 1228 3657 1352 3717; x_wconf 87' lang='lat' dir='ltr'>spezzerai</span> <span class='ocrx_word' id='word_1_332' title='bbox 1365 3665 1390 3704; x_wconf 89' lang='lat' dir='ltr'>tu</span> <span class='ocrx_word' id='word_1_333' title='bbox 1399 3655 1468 3712; x_wconf 85' lang='lat' dir='ltr'>bene,</span> 
     </span>
     <span class='ocr_line' id='line_1_34' title="bbox 374 3729 1471 3796; baseline 0.003 -17"><span class='ocrx_word' id='word_1_334' title='bbox 374 3730 490 3794; x_wconf 87' lang='lat' dir='ltr'>seriptum</span> <span class='ocrx_word' id='word_1_335' title='bbox 503 3730 616 3793; x_wconf 85' lang='lat' dir='ltr'>opinatur</span> <span class='ocrx_word' id='word_1_336' title='bbox 630 3730 765 3780; x_wconf 88' lang='lat' dir='ltr'>convicium</span> <span class='ocrx_word' id='word_1_337' title='bbox 783 3745 796 3777; x_wconf 89' lang='lat' dir='ltr'>a</span> <span class='ocrx_word' id='word_1_338' title='bbox 809 3729 908 3778; x_wconf 90' lang='lat' dir='ltr'>rhetore</span> <span class='ocrx_word' id='word_1_339' title='bbox 936 3730 987 3780; x_wconf 88' lang='lat' dir='ltr'>Che</span> <span class='ocrx_word' id='word_1_340' title='bbox 1005 3731 1116 3794; x_wconf 77' lang='lat' dir='ltr'>frangere</span> <span class='ocrx_word' id='word_1_341' title='bbox 1129 3746 1176 3779; x_wconf 93' lang='lat' dir='ltr'>non</span> <span class='ocrx_word' id='word_1_342' title='bbox 1190 3733 1239 3796; x_wconf 86' lang='lat' dir='ltr'>pub</span> <span class='ocrx_word' id='word_1_343' title='bbox 1255 3732 1321 3780; x_wconf 84' lang='lat' dir='ltr'>ferro</span> <span class='ocrx_word' id='word_1_344' title='bbox 1337 3748 1369 3781; x_wconf 88' lang='lat' dir='ltr'>nc</span> <span class='ocrx_word' id='word_1_345' title='bbox 1380 3733 1436 3782; x_wconf 89' lang='lat' dir='ltr'>loco</span> <span class='ocrx_word' id='word_1_346' title='bbox 1448 3755 1471 3782; x_wconf 73' lang='lat' dir='ltr'>n.</span> 
     </span>
     <span class='ocr_line' id='line_1_35' title="bbox 374 3806 1470 3875; baseline 0.003 -19"><span class='ocrx_word' id='word_1_347' title='bbox 374 3808 461 3866; x_wconf 86' lang='lat' dir='ltr'>luisse,</span> <span class='ocrx_word' id='word_1_348' title='bbox 480 3807 546 3873; x_wconf 90' lang='lat' dir='ltr'>quod</span> <span class='ocrx_word' id='word_1_349' title='bbox 563 3809 695 3856; x_wconf 88' lang='lat' dir='ltr'>omiserunt</span> <span class='ocrx_word' id='word_1_350' title='bbox 713 3806 814 3856; x_wconf 85' lang='lat' dir='ltr'>librarii.</span> <span class='ocrx_word' id='word_1_351' title='bbox 828 3808 909 3857; x_wconf 89' lang='lat' dir='ltr'>Potuit</span> <span class='ocrx_word' id='word_1_352' title='bbox 936 3808 1078 3873; x_wconf 83' lang='lat' dir='ltr'>Vignozzius</span> <span class='ocrx_word' id='word_1_353' title='bbox 1097 3809 1201 3858; x_wconf 90' lang='lat' dir='ltr'>debilius</span> <span class='ocrx_word' id='word_1_354' title='bbox 1224 3829 1259 3858; x_wconf 70' lang='lat' dir='ltr'>:a</span> <span class='ocrx_word' id='word_1_355' title='bbox 1282 3811 1327 3860; x_wconf 82' lang='lat' dir='ltr'>Col</span> <span class='ocrx_word' id='word_1_356' title='bbox 1349 3812 1434 3875; x_wconf 85' lang='lat' dir='ltr'>planto</span> <span class='ocrx_word' id='word_1_357' title='bbox 1452 3812 1470 3859; x_wconf 88' lang='lat' dir='ltr'>si</span> 
     </span>
     <span class='ocr_line' id='line_1_36' title="bbox 374 3884 1470 3952; baseline 0.003 -18"><span class='ocrx_word' id='word_1_358' title='bbox 374 3885 473 3952; x_wconf 88' lang='lat' dir='ltr'>quidem</span> <span class='ocrx_word' id='word_1_359' title='bbox 483 3884 598 3934; x_wconf 88' lang='lat' dir='ltr'>Libanius</span> <span class='ocrx_word' id='word_1_360' title='bbox 609 3884 741 3949; x_wconf 88' lang='lat' dir='ltr'>opprobrio</span> <span class='ocrx_word' id='word_1_361' title='bbox 755 3885 779 3933; x_wconf 86' lang='lat' dir='ltr'>in</span> <span class='ocrx_word' id='word_1_362' title='bbox 794 3884 908 3935; x_wconf 90' lang='lat' dir='ltr'>christia·</span> <span class='ocrx_word' id='word_1_363' title='bbox 936 3888 1085 3937; x_wconf 88' lang='lat' dir='ltr'>ammollisce</span> <span class='ocrx_word' id='word_1_364' title='bbox 1096 3904 1128 3936; x_wconf 94' lang='lat' dir='ltr'>un</span> <span class='ocrx_word' id='word_1_365' title='bbox 1141 3889 1202 3937; x_wconf 94' lang='lat' dir='ltr'>duro</span> <span class='ocrx_word' id='word_1_366' title='bbox 1212 3904 1288 3938; x_wconf 89' lang='lat' dir='ltr'>cuore</span> <span class='ocrx_word' id='word_1_367' title='bbox 1299 3908 1322 3937; x_wconf 79' lang='grc' dir='ltr'>ο.</span> <span class='ocrx_word' id='word_1_368' title='bbox 1334 3890 1387 3938; x_wconf 91' lang='lat' dir='ltr'>Non</span> <span class='ocrx_word' id='word_1_369' title='bbox 1398 3889 1470 3939; x_wconf 89' lang='lat' dir='ltr'>semei</span> 
     </span>
     <span class='ocr_line' id='line_1_37' title="bbox 375 3963 1470 4030; baseline 0.002 -16"><span class='ocrx_word' id='word_1_370' title='bbox 375 3965 478 4024; x_wconf 77' lang='lat' dir='ltr'>netuli,</span> <span class='ocrx_word' id='word_1_371' title='bbox 491 3964 578 4030; x_wconf 89' lang='lat' dir='ltr'>quibus</span> <span class='ocrx_word' id='word_1_372' title='bbox 587 3964 631 4012; x_wconf 92' lang='lat' dir='ltr'>etsi</span> <span class='ocrx_word' id='word_1_373' title='bbox 644 3978 724 4012; x_wconf 91' lang='lat' dir='ltr'>rerum</span> <span class='ocrx_word' id='word_1_374' title='bbox 736 3974 793 4012; x_wconf 92' lang='lat' dir='ltr'>tunc</span> <span class='ocrx_word' id='word_1_375' title='bbox 804 3963 908 4013; x_wconf 91' lang='lat' dir='ltr'>dominis</span> <span class='ocrx_word' id='word_1_376' title='bbox 936 3965 1018 4014; x_wconf 87' lang='lat' dir='ltr'>monui</span> <span class='ocrx_word' id='word_1_377' title='bbox 1034 3966 1064 4014; x_wconf 92' lang='lat' dir='ltr'>de</span> <span class='ocrx_word' id='word_1_378' title='bbox 1079 3966 1130 4014; x_wconf 89' lang='lat' dir='ltr'>istis</span> <span class='ocrx_word' id='word_1_379' title='bbox 1145 3966 1307 4029; x_wconf 86' lang='lat' dir='ltr'>interpretum</span> <span class='ocrx_word' id='word_1_380' title='bbox 1328 3969 1470 4018; x_wconf 87' lang='lat' dir='ltr'>vernaculo-</span> 
     </span>
     <span class='ocr_line' id='line_1_38' title="bbox 376 4040 1471 4112; baseline 0.004 -19"><span class='ocrx_word' id='word_1_381' title='bbox 376 4061 423 4094; x_wconf 91' lang='lat' dir='ltr'>non</span> <span class='ocrx_word' id='word_1_382' title='bbox 434 4044 560 4110; x_wconf 87' lang='lat' dir='ltr'>parcebat,</span> <span class='ocrx_word' id='word_1_383' title='bbox 570 4041 909 4092; x_wconf 85' lang='lat' dir='ltr'>etlibrariusadescribeudo</span> <span class='ocrx_word' id='word_1_384' title='bbox 935 4061 988 4094; x_wconf 91' lang='lat' dir='ltr'>rum</span> <span class='ocrx_word' id='word_1_385' title='bbox 1013 4043 1151 4105; x_wconf 86' lang='lat' dir='ltr'>erroribus,</span> <span class='ocrx_word' id='word_1_386' title='bbox 1177 4045 1388 4112; x_wconf 88' lang='lat' dir='ltr'>animadvertique</span> <span class='ocrx_word' id='word_1_387' title='bbox 1412 4040 1471 4096; x_wconf 65' lang='grc' dir='ltr'>’ἀδά-</span> 
     </span>
     <span class='ocr_line' id='line_1_39' title="bbox 376 4121 1469 4188; baseline 0.002 -16"><span class='ocrx_word' id='word_1_388' title='bbox 376 4123 509 4172; x_wconf 89' lang='lat' dir='ltr'>abstinere.</span> <span class='ocrx_word' id='word_1_389' title='bbox 534 4121 583 4171; x_wconf 88' lang='lat' dir='ltr'>Sed</span> <span class='ocrx_word' id='word_1_390' title='bbox 611 4130 691 4170; x_wconf 90' lang='lat' dir='ltr'>tamen</span> <span class='ocrx_word' id='word_1_391' title='bbox 716 4121 908 4172; x_wconf 85' lang='lat' dir='ltr'>christianissimi</span> <span class='ocrx_word' id='word_1_392' title='bbox 935 4144 1015 4188; x_wconf 81' lang='grc' dir='ltr'><strong>μαντα</strong></span> <span class='ocrx_word' id='word_1_393' title='bbox 1037 4122 1102 4187; x_wconf 93' lang='lat' dir='ltr'>apud</span> <span class='ocrx_word' id='word_1_394' title='bbox 1127 4123 1260 4172; x_wconf 86' lang='lat' dir='ltr'>veteriores</span> <span class='ocrx_word' id='word_1_395' title='bbox 1282 4135 1396 4174; x_wconf 87' lang='lat' dir='ltr'>auctores</span> <span class='ocrx_word' id='word_1_396' title='bbox 1424 4140 1469 4174; x_wconf 88' lang='lat' dir='ltr'>non</span> 
     </span>
     <span class='ocr_line' id='line_1_40' title="bbox 376 4199 1469 4266; baseline 0.005 -18"><span class='ocrx_word' id='word_1_397' title='bbox 376 4200 413 4248; x_wconf 90' lang='lat' dir='ltr'>isti</span> <span class='ocrx_word' id='word_1_398' title='bbox 439 4200 531 4249; x_wconf 86' lang='lat' dir='ltr'>librarii</span> <span class='ocrx_word' id='word_1_399' title='bbox 560 4199 691 4250; x_wconf 82' lang='lat' dir='ltr'>maledieta</span> <span class='ocrx_word' id='word_1_400' title='bbox 713 4199 806 4249; x_wconf 80' lang='lat' dir='ltr'>libanii</span> <span class='ocrx_word' id='word_1_401' title='bbox 832 4218 909 4266; x_wconf 87' lang='lat' dir='ltr'>eaque</span> <span class='ocrx_word' id='word_1_402' title='bbox 936 4218 990 4250; x_wconf 91' lang='lat' dir='ltr'>esse</span> <span class='ocrx_word' id='word_1_403' title='bbox 1014 4203 1119 4266; x_wconf 89' lang='lat' dir='ltr'>lapidem</span> <span class='ocrx_word' id='word_1_404' title='bbox 1145 4202 1294 4266; x_wconf 88' lang='lat' dir='ltr'>pretiosum,</span> <span class='ocrx_word' id='word_1_405' title='bbox 1314 4203 1360 4252; x_wconf 86' lang='lat' dir='ltr'>sed</span> <span class='ocrx_word' id='word_1_406' title='bbox 1383 4204 1469 4253; x_wconf 85' lang='lat' dir='ltr'>ferrum</span> 
     </span>
     <span class='ocr_line' id='line_1_41' title="bbox 375 4279 1469 4346; baseline 0.005 -20"><span class='ocrx_word' id='word_1_407' title='bbox 375 4279 558 4329; x_wconf 86' lang='lat' dir='ltr'>mordacissima</span> <span class='ocrx_word' id='word_1_408' title='bbox 576 4280 700 4345; x_wconf 77' lang='lat' dir='ltr'>diligentia</span> <span class='ocrx_word' id='word_1_409' title='bbox 716 4281 830 4331; x_wconf 86' lang='lat' dir='ltr'>laudabili</span> <span class='ocrx_word' id='word_1_410' title='bbox 847 4281 911 4331; x_wconf 88' lang='lat' dir='ltr'>reti·</span> <span class='ocrx_word' id='word_1_411' title='bbox 936 4280 1009 4346; x_wconf 86' lang='lat' dir='ltr'>idque</span> <span class='ocrx_word' id='word_1_412' title='bbox 1020 4281 1173 4330; x_wconf 86' lang='lat' dir='ltr'>durissimum</span> <span class='ocrx_word' id='word_1_413' title='bbox 1181 4302 1188 4341; x_wconf 78' lang='grc' dir='ltr'>ς</span> <span class='ocrx_word' id='word_1_414' title='bbox 1201 4281 1255 4330; x_wconf 87' lang='lat' dir='ltr'>vide</span> <span class='ocrx_word' id='word_1_415' title='bbox 1265 4319 1271 4339; x_wconf 90' lang='lat'>,</span> <span class='ocrx_word' id='word_1_416' title='bbox 1281 4281 1300 4330; x_wconf 94' lang='lat' dir='ltr'>si</span> <span class='ocrx_word' id='word_1_417' title='bbox 1311 4283 1343 4330; x_wconf 90' lang='lat' dir='ltr'>sit</span> <span class='ocrx_word' id='word_1_418' title='bbox 1358 4283 1418 4331; x_wconf 90' lang='lat' dir='ltr'>tanti</span> <span class='ocrx_word' id='word_1_419' title='bbox 1430 4298 1469 4331; x_wconf 92' lang='lat' dir='ltr'>nn.</span> 
     </span>
     <span class='ocr_line' id='line_1_42' title="bbox 376 4356 1470 4424; baseline 0.005 -21"><span class='ocrx_word' id='word_1_420' title='bbox 376 4367 497 4416; x_wconf 90' lang='lat' dir='ltr'>nuerunt,</span> <span class='ocrx_word' id='word_1_421' title='bbox 515 4356 589 4405; x_wconf 88' lang='lat' dir='ltr'>bilem</span> <span class='ocrx_word' id='word_1_422' title='bbox 609 4358 632 4406; x_wconf 90' lang='lat' dir='ltr'>iu</span> <span class='ocrx_word' id='word_1_423' title='bbox 653 4359 716 4408; x_wconf 90' lang='lat' dir='ltr'>uotis</span> <span class='ocrx_word' id='word_1_424' title='bbox 736 4361 909 4424; x_wconf 85' lang='lat' dir='ltr'>marginalibus</span> <span class='ocrx_word' id='word_1_425' title='bbox 936 4359 967 4408; x_wconf 89' lang='lat' dir='ltr'>ad</span> <span class='ocrx_word' id='word_1_426' title='bbox 983 4359 1068 4409; x_wconf 83' lang='lat' dir='ltr'>AEseh.</span> <span class='ocrx_word' id='word_1_427' title='bbox 1085 4361 1165 4409; x_wconf 87' lang='lat' dir='ltr'>Prom.</span> <span class='ocrx_word' id='word_1_428' title='bbox 1182 4363 1212 4422; x_wconf 89' lang='grc'>6,</span> <span class='ocrx_word' id='word_1_429' title='bbox 1226 4359 1257 4408; x_wconf 90' lang='lat' dir='ltr'>ad</span> <span class='ocrx_word' id='word_1_430' title='bbox 1276 4360 1425 4420; x_wconf 89' lang='lat' dir='ltr'>Hesiodum,</span> <span class='ocrx_word' id='word_1_431' title='bbox 1440 4359 1470 4409; x_wconf 89' lang='lat' dir='ltr'>ad</span> 
     </span>
     <span class='ocr_line' id='line_1_43' title="bbox 376 4431 1469 4505; baseline 0.005 -23"><span class='ocrx_word' id='word_1_432' title='bbox 376 4431 908 4501; x_wconf 81' lang='lat' dir='ltr'>effunderecontenti.Exemplaecodicibus</span> <span class='ocrx_word' id='word_1_433' title='bbox 936 4437 1051 4488; x_wconf 86' lang='lat' dir='ltr'>Plauudis</span> <span class='ocrx_word' id='word_1_434' title='bbox 1080 4439 1190 4500; x_wconf 68' lang='lat' dir='ltr'>Metam„</span> <span class='ocrx_word' id='word_1_435' title='bbox 1217 4449 1266 4489; x_wconf 84' lang='lat' dir='ltr'>etc.</span> <span class='ocrx_word' id='word_1_436' title='bbox 1293 4438 1469 4505; x_wconf 87' lang='lat' dir='ltr'>interpretibus</span> 
     </span>
    </p>
   </div>
   <div class='ocr_carea' id='block_1_6' title="bbox 0 0 1851 5659">
    <p class='ocr_par' dir='ltr' id='par_1_9' title="bbox 0 0 1851 5659">
     <span class='ocr_line' id='line_1_44' title="bbox 0 0 1851 5659; baseline 0 0"><span class='ocrx_word' id='word_1_437' title='bbox 0 0 1851 5659; x_wconf 95' lang='lat' dir='ltr'> </span> 
     </span>
    </p>
   </div>
  </div>
 </body>
</html>
