3684 5659
806 606 965 671 πίνοντι]
990 596 1046 669 1o¹.
1399 603 1464 676 23⁴
1518 579 1520 583 ’

369 739 470 819 κύνας
491 740 673 834 θηρατικοὺς
697 737 900 832 ἰχνηλοιτεῖνί,
925 743 977 806 καὶ
1003 751 1126 808 σκοπεῖν
1146 740 1226 819 ὅπως
1243 744 1275 808 αἱ
1295 741 1389 837 ψῆφοι
1404 747 1471 836 περὶ

370 844 418 919 ὧν
434 853 473 921 ἂν
488 855 541 919 καὶ
560 856 723 920 σκοποῖσθε
739 855 882 944 γίνωνται
900 846 1036 919 δίκαιαι.

426 944 510 1037 όθή
525 966 630 1057 παρὼν
647 964 817 1055 στρατηγὸς
835 953 920 1039 οῦτος
937 962 984 1030 ε’πλ
1003 968 1112 1055 καιροῦ
1133 965 1236 1056 ρανεὶς
1252 965 1369 1055 ἀγαθὸς
1388 960 1474 1033 θοκεῒ

371 1076 438 1151 τισί
458 1076 512 1141 καὶ
536 1075 590 1147 τήν
611 1077 741 1166 σήμερον
761 1081 866 1151 α’ίτιος.
880 1073 1035 1165 γεγονέναι
1058 1076 1142 1150 νίκης
1164 1076 1261 1153 τινός,
1287 1077 1345 1141 κάν
1366 1077 1471 1144 πολλοὶ

372 1184 610 1278 παραπώλοντο.
628 1165 701 1276 ἐγὼ
720 1180 754 1250 θὲ
770 1191 828 1249 τῶν
849 1179 973 1274 ὕστερον
992 1182 1172 1271 σνμθάντων
1189 1194 1292 1251 κακῶν
1309 1189 1361 1252 καλ
1383 1189 1473 1275 μόνον

374 1293 470 1362 αῦτὸν
491 1296 687 1384 αἰτιώμενος,
713 1295 816 1371 ἱκανὸς
837 1292 891 1359 σὺν
913 1296 991 1370 θεοῖς
1012 1296 1072 1382 εἰμὶ
1094 1290 1191 1370 θεῖξαι
1212 1297 1319 1387 προςὸν
1336 1297 1420 1386 αύτῷ
1437 1300 1472 1365 τὸ

374 1404 460 1497 μέγα
471 1411 559 1474 τοῦτο
574 1405 793 1493 πλημμέλημα.
809 1405 868 1470 Καὶ
883 1402 952 1491 ὑμῖν
966 1403 1136 1471 τούντεῦθεν
1150 1405 1272 1494 μελήσει
1288 1406 1368 1484 ὅπως
1381 1408 1472 1474 αὐτὸν

375 1515 603 1605 μετελεύσεσθε.
622 1510 704 1582 ooo}
718 1516 779 1607 γάρ
796 1513 900 1591 ἁπλῶς
916 1513 1103 1602 ἐζημίωσθε,
1123 1514 1204 1584 ἀλλὰ
1217 1515 1354 1582 πέπτωκε
1369 1518 1403 1584 τὸ
1419 1527 1474 1596 τῆς

374 1627 493 1705 πολέως
507 1629 598 1703 ἄνθος
614 1621 668 1692 διὰ
681 1625 796 1691 τουτονί
809 1624 859 1689 τὸν
875 1621 1038 1716 χρηστὸν’·
1055 1630 1113 1690 κάν
1129 1623 1187 1691 πού
1203 1650 1232 1691 τι
1248 1628 1301 1692 καί
1316 1629 1426 1694 ἔπαθον
1444 1630 1472 1694 οἱ

375 1738 496 1832 ἐχθροί,
512 1733 601 1814 ἀξίαν
612 1734 755 1811 λαθόντες
767 1734 821 1805 τήν
834 1736 1008 1826 θεραπείαν,
1020 1734 1217 1822 ἀνέπνευσαν,
1233 1739 1285 1802 καὶ
1301 1739 1342 1803 τά
1353 1737 1472 1805 ἐκείνων

375 1847 519 1941 περιέστη
541 1855 579 1936 τῇ
601 1845 704 1930 πόλει,
726 1847 778 1910 καί
806 1844 941 1934 χαλεπὸς
966 1847 1054 1936 θροῦς
1076 1851 1236 1934 πανταχοῦ
1261 1845 1391 1932 ταύτης,
1418 1851 1471 1914 καὶ

378 1957 511 2049 οἱμωγοιλ
529 1957 582 2021 καί
593 1958 703 2048 ’θρήνοι
720 1956 773 2020 καὶ
792 1949 931 2044 θάκρνα,
951 1953 1082 2031 ἑκάστης
1099 1954 1247 2031 ζητούσης
1263 1957 1313 2021 τὸν
1329 1957 1407 2023 υἱόν.

426 2064 549 2135 Μᾶλλον
565 2059 618 2150 θὲ,
636 2065 677 2142 ὡς
694 2065 731 2130 ἂν
746 2063 817 2129 καθ’
832 2058 902 2129 oddo
917 2063 933 2129 ὁ
948 2062 1039 2155 λόγος
1053 2064 1170 2154 προίοι,
1189 2064 1351 2132 ἀναλαθὼν
1365 2061 1475 2158 θιηγή-

377 2198 488 2269 «ορατ.

425 2261 521 2353 fide?
540 2288 600 2378 γάρ
623 2279 702 2375 μηδὲ
725 2284 778 2355 τήν
802 2284 900 2374 ἀρχήν
928 2285 1100 2375 στρατηγὸν
1130 2285 1283 2377 αἱρεῖσθαι
1311 2292 1415 2353 τοῦτον
1443 2288 1474 2355 έν

378 2396 525 2483 τοιούτοις
543 2396 698 2487 μεγίστοις
714 2395 845 2486 ἀγῶσιν,
866 2393 898 2459 ὃν
915 2393 969 2459 οῦκ
989 2393 1034 2460 ε’πὶ
1052 2397 1184 2486 μετρίοις
1202 2395 1305 2472 ἄλλοις
1322 2393 1474 2485 ε’θοκιμά-

379 2531 476 2599 σαμεν
499 2508 655 2602 πρότερον.
681 2501 762 2573 ond&
786 2509 846 2599 γὰρ
865 2506 902 2571 άν
921 2507 975 2572 καί
993 2508 1033 2573 τὰ
1049 2506 1132 2571 κατὰ
1147 2507 1197 2572 τὸν
1220 2507 1349 2595 πόλεμον
1369 2513 1473 2575 τοῦτον

379 2616 476 2715 ούτως
490 2617 624 2711 ἐσφάλη,
643 2618 684 2694 ὡς
700 2617 825 2705 ὀνόματι
842 2619 928 2694 νίκης
948 2616 1113 2684 ἀποθαλεῖν
1135 2616 1205 2694 τοὺς
1225 2621 1397 2710 κρείττονας
1418 2622 1472 2686 καί

379 2732 491 2823 θάρρος
513 2725 592 2795 οῦτω
615 2727 687 2795 νέων
703 2723 862 2820 άρεϊκῶνζ
882 2731 963 2793 ἔστιν
980 2725 1028 2792 ὅτε
1044 2728 1096 2793 καὶ
1114 2728 1298 2820 παραλόγως
1316 2730 1474 2819 ὁρμώντων

378 2842 522 2933 τήκοιτά
540 2839 669 2929 πόλεμον
692 2836 768 2924 ἕξει,
790 2835 863 2927 μηθ’
884 2839 1020 2905 ὁπωσοῦν
1044 2842 1124 2928 ἔχειν
1145 2840 1195 2904 τὸν
1220 2839 1286 2929 μετ’
1310 2840 1475 2930 ἐπιστήμης

380 2944 527 3043 άκριθοῦς
547 2946 764 3037 διοικούμενον.
787 2947 864 3040 Παρ’
886 2950 921 3022 ἣν
938 2950 1039 3014 αἰτίαν
1058 2952 1111 3017 καὶ
1135 2952 1220 3035 νίκη,
1241 2951 1275 3016 τὸ
1296 2956 1349 3016 τοῦ
1366 2951 1473 3043 λόγον,

380 3057 542 3150 Καθμεία”
563 3060 681 3152 γέγονε·
706 3059 811 3155 γέγονε
834 3055 864 3124 θ’
887 3058 981 3146 ὅμως.
1005 3063 1064 3124 Καί
1090 3059 1160 3127 ύσον
1180 3059 1233 3149 μὲν
1253 3063 1288 3128 τὸ
1312 3061 1401 3154 μέρος
1421 3067 1475 3127 τοῦ

414 3326 608 3389 Ἀήιῑεοοεοοο,
618 3329 647 3388 1,
664 3328 694 3376 13
704 3364 711 3387 ,
721 3335 778 3392 post
790 3326 915 3377 Platonem
945 3343 967 3377 ο.
982 3326 997 3373 1
1011 3325 1144 3390 scriptum,
1158 3326 1244 3393 ἄνδρας
1257 3328 1390 3393 ἀρρεϊκοὺς,
1403 3324 1476 3376 Wad-

381 3407 458 3477 ὥςπερ
466 3402 507 3463 οῦν
516 3410 544 3459 al
554 3412 675 3457 Λάκαιναι
685 3409 793 3463 σκύλακες
802 3402 827 3456 τῦ
840 3425 917 3470 μετα·
944 3403 981 3453 zio
1006 3406 1111 3472 ἆριῖκούς
1131 3404 1278 3468 corrigente.
1300 3403 1376 3452 Recte
1402 3417 1476 3466 supra

381 3489 428 3545 θεῖς
436 3505 464 3537 τε
471 3490 512 3537 καλ
522 3486 628 3551 ἰχνεύεις.
637 3484 673 3534 lbi
683 3483 810 3550 Wyttenb.
820 3500 847 3549 ρ.
857 3486 915 3535 418.
944 3485 1034 3550 ἀρεικός
1043 3498 1069 3545 ρ.
1084 3483 1172 3542 tenet
1180 3481 1312 3545 Progymn.
1324 3496 1347 3531 c.
1362 3483 1402 3540 11,
1413 3486 1475 3545 μετά

379 3562 525 3630 oreophone
553 3577 640 3615 canum
662 3562 839 3613 Laconioorum
866 3579 916 3613 non
944 3580 1006 3618 τινος
1023 3561 1118 3629 ἂριϊκοῦ
1136 3566 1290 3628 φρονήματος.
1303 3558 1392 3609 Noster
1405 3568 1431 3608 et
1444 3557 1476 3607 de
1550 3612 1553 3617 ,

381 3641 466 3708 inepto
482 3640 560 3691 utitur
577 3650 722 3705 personatus
741 3640 917 3692 Themistocles
944 3638 1049 3704 Rogerio
1061 3637 1124 3688 Hist.
1138 3636 1250 3688 Andron.
1263 3638 1293 3698 5,
1307 3640 1352 3698 16,
1366 3654 1392 3702 p.
1405 3637 1475 3686 395:

380 3718 461 3785 Epist.
474 3718 917 3789 9,12τδιαρινξύμεθοιπούςπεοῖκο·
944 3715 971 3774 ήν
993 3723 1039 3786 γὰρ
1060 3726 1113 3774 ταῖς
1131 3718 1264 3776 ἀληθείαις,
1287 3721 1317 3774 ὡς
1339 3717 1418 3776 ἔδοξε,
1436 3722 1476 3766 καί

382 3798 471 3850 dodon
484 3804 528 3854 τήν
536 3802 609 3864 θήραν
618 3804 684 3863 ἡμῶν
694 3803 842 3865 ὡρμημίνονς
852 3818 917 3855 κυνη-
944 3798 1009 3859 λῆμα
1024 3795 1085 3859 ἔχων
1105 3804 1208 3858 γενναῖον
1227 3801 1267 3846 καί
1289 3800 1363 3853 πλέως
1383 3796 1478 3864 ἇρεῦιοῦ

381 3881 469 3939 γίτπς,
480 3880 522 3925 κοιλ
532 3880 586 3935 τοὺς
595 3880 743 3936 Λακωνικοὺς
750 3879 829 3936 κῦνας.
838 3876 917 3942 signi·
944 3881 1107 3942 ρρονήματος,
1117 3877 1194 3942 πολλῷ
1205 3875 1231 3924 δὲ
1241 3877 1330 3939 μᾶλλον
1340 3879 1380 3924 καί
1392 3882 1426 3941 τῷ
1435 3883 1479 3930 τῆς

381 3950 594 4025 fiedtSpmdnm.
944 3959 1037 4017 γνώμης
1060 3952 1179 4019 σπουδαίῳ
1201 3959 1241 4002 κοιλ
1262 3955 1401 4022 βοιθνσκύπῳ
1422 3952 1477 3999 λαὸν

416 4028 545 4100 ’Χρηοεός
568 4045 634 4097 ωερε
654 4046 711 4083 num
736 4031 827 4093 ironia,
851 4031 917 4095 opud
945 4032 1107 4095 δουλαγωγῶν.
1128 4029 1211 4081 Codex
1230 4034 1306 4087 πλέον,
1331 4028 1404 4077 male.
1428 4032 1478 4077 Καί

382 4107 449 4171 hono
468 4108 613 4175 sophistam.
633 4108 695 4160 Vide
713 4125 756 4176 pp.
780 4112 916 4171 109,119‚
945 4118 1002 4159 onte
1019 4114 1073 4178 ραν.
1086 4107 1190 4157 debetur
1203 4106 1350 4172 conjecturo
1361 4104 1476 4163 Bekkeri,

385 4187 450 4248 111,
460 4187 523 4245 130.
537 4202 563 4237 n.
576 4188 601 4236 3.
945 4203 1018 4253 quarn
1031 4186 1108 4237 ooden
1123 4184 1261 4235 confirmat.

415 4260 523 4315 'Schoh
534 4283 540 4313 ε
551 4271 748 4330 προκατάστοισις.
979 4265 989 4290 ⁵
1002 4265 1036 4314 De
1046 4272 1096 4332 νίκη
1110 4265 1220 4328 Καδμείᾳ
1234 4261 1339 4328 plurima
1351 4261 1376 4311 in
1386 4259 1478 4311 Barthii

416 4339 514 4405 ‘Cod.,
532 4345 653 4412 ἂρριϊιιῶν.
668 4343 700 4393 Et
719 4342 755 4393 sio
773 4343 835 4393 infra
855 4343 918 4393 male
946 4353 1005 4394 nota
1020 4354 1045 4394 et
1061 4357 1115 4393 mea
1129 4341 1162 4392 ad
1178 4339 1335 4403 Zachariam,
1353 4355 1397 4406 pp.
1413 4340 1478 4398 336,

383 4419 478 4471 dnobus
497 4420 569 4472 lonis.
584 4421 635 4471 Nec
653 4420 724 4471 aliter
743 4421 767 4471 in
786 4422 916 4487 Progymn.
947 4421 1006 4472 133.
1017 4418 1087 4471 ndde
1098 4419 1192 4471 scholia
1202 4417 1233 4470 ad
1242 4417 1389 4480 Aristidem,
1400 4427 1418 4467 ι.
1428 4417 1479 4477 111,
