3684 5659
806 613 964 693 horroris
990 600 1036 673 ι’.
1444 605 1467 676 3

372 749 407 814 τό
432 749 631 841 κατόρθωμα.
651 729 725 813 Επεὶ
750 745 781 813 δ’
802 747 879 814 οὕτω
899 751 939 813 τὰ
960 748 1030 814 κατ’
1048 746 1098 836 ἐμὲ
1116 747 1290 832 συνέπεσον,
1308 750 1349 825 ὡς
1367 752 1468 842 ἀμφο-

371 861 501 953 τέρωθεν
514 844 759 950 ἔχειν’κίνδυνον,
776 862 828 924 καί
843 860 945 952 λόγοις
958 858 1011 948 μέν
1025 861 1264 950 ίσχυριζόμενον,
1277 866 1334 924 κάν
1346 886 1404 926 που
1417 866 1468 928 καὶ

371 974 600 1065 περιγενοίμην,
620 971 717 1063 λόγων
740 968 868 1060 δυνάμει
888 975 941 1037 καί
962 974 1004 1060 μὴ
1020 981 1089 1048 ταῖς
1110 971 1266 1048 ἀληθείαις
1283 982 1369 1057 νικᾷν
1391 971 1469 1040 ὑπο-

372 1084 558 1170 πτεύεσθαι,
583 1084 790 1176 καθυφεικότα
813 1079 847 1148 δὲ
873 1091 928 1160 τῆς
954 1079 1111 1167 σπουδῆς,
1137 1079 1191 1148 διά
1213 1088 1312 1148 ταῦτα
1334 1083 1471 1175 ἔγκλημα

373 1195 498 1284 ἐμαυτῷ
513 1196 685 1286 περιάπτειν
703 1201 808 1260 κακῶν
824 1195 967 1259 ἀπάντων
984 1189 1160 1285 δεινότερον,
1182 1189 1266 1283 εἶχον
1283 1191 1335 1281 μὲν
1352 1195 1471 1285 γνώμης

373 1301 490 1390 ούτως,
513 1303 587 1379 ῶςτε
604 1313 667 1379 τοῖς
682 1303 805 1395 λόγοις,
824 1305 866 1380 ὡς
885 1300 1038 1392 δύναμαι,
1060 1306 1257 1396 χρησασθαι,
1276 1306 1329 1369 καί
1346 1329 1470 1397 περιγε-

373 1413 500 1499 νέσθαι,
527 1414 567 1489 ὡς
589 1413 626 1478 ἀν
648 1407 710 1489 οἷός
732 1437 764 1478 τε
787 1408 831 1497 ὦ,
857 1414 915 1477 κάν
936 1411 1096 1478 ὑποπτεύοι
1117 1438 1181 1496 τις,
1199 1420 1238 1499 ἥ,
1263 1415 1316 1485 τὴν
1338 1413 1470 1502 ὑποψίαν

373 1523 544 1616 φεύγοντα,
560 1527 757 1616 καθυφεῖναι,
777 1526 829 1589 καί
844 1520 951 1590 δοῦναι
968 1534 1032 1600 τοῖς
1049 1527 1252 1616 συκοφάνταις
1269 1524 1398 1591 ἐντεῦθεν
1414 1526 1471 1591 λα-

375 1633 448 1712 θάς.
466 1614 538 1700 Ᾰλλ’
553 1634 653 1722 ὅμως,
669 1635 722 1705 τὴν
737 1634 830 1721 μέσην
843 1643 964 1727 χωρῶν,
979 1635 1232 1726 ἀπολογήσομαι,
1248 1638 1313 1728 περὶ
1328 1644 1386 1701 τῶν
1399 1636 1469 1702 κατ’

375 1743 506 1833 ἐμαυτὸν
523 1744 626 1820 ἁπλῶς
642 1744 712 1821 τοίνς
728 1744 835 1836 λόγους
851 1744 1026 1832 ποιούμενος
1046 1763 1053 1778 ·
1074 1746 1127 1816 rho
1144 1742 1178 1810 δέ
1195 1753 1253 1810 τῶν
1268 1744 1365 1837 λόγων
1381 1746 1471 1836 ἰσχύν

373 1856 450 1949 παρ’
468 1853 550 1944 ὑμῶν
567 1858 708 1942 ζητήσω,
729 1856 770 1931 ὡς
786 1855 820 1920 ἐκ
839 1863 897 1920 τῶν
913 1858 1120 1948 πραγμάτοιν,
1142 1859 1193 1921 καί
1212 1856 1266 1922 οὐκ
1287 1856 1319 1922 ἐκ
1340 1866 1398 1922 τῶν
1420 1858 1472 1923 λό-

373 1990 453 2058 γων,
471 1967 505 2031 τὸ
522 1963 858 2058 ἀληθέςεύρισκόντων,
876 1964 921 2056 ἐφ’
940 1960 985 2041 οἷς
1002 1991 1047 2042 τις
1064 1969 1115 2031 καί
1133 1968 1279 2059 κρίνεται.

424 2076 560 2143 Μέλλων1
582 2074 616 2144 δέ
637 2087 690 2155 τῆς
711 2077 784 2165 ἐμῆς
803 2076 939 2156 εὐνοίας,
964 2078 1004 2154 ὡς
1026 2081 1103 2142 ἔοικε
1111 2126 1121 2164 ,
1149 2073 1301 2170 δείγματα
1321 2083 1470 2171 παράγειν

372 2176 595 2284 τὴνσήμερον,
621 2195 829 2283 παραιτοῦμαι
846 2187 915 2264 τοὺς
930 2190 1082 2281 παρόντας
1103 2190 1144 2276 μη
1166 2192 1380 2282 περιαυτισμόν
1405 2215 1470 2256 τινα

334 2295 338 2301 ’
373 2299 561 2392 προςτρίθειν
589 2299 656 2387 ἐμοί
667 2347 678 2384 ,
700 2305 780 2391 είπερ
803 2301 844 2373 είς
861 2296 1014 2373 τοιούτους
1036 2298 1181 2374 πολλάκις
1201 2298 1320 2385 ἐμπέσω
1339 2299 1467 2391 λόγους,

375 2410 462 2496 ἀλλ’,
482 2406 602 2486 εἰδότας
622 2412 662 2486 ὡς
681 2412 816 2501 ἀνάγκης
832 2414 953 2493 ταῦτα,
972 2411 1079 2485 καλῶς
1096 2406 1162 2474 οὐδ’
1181 2411 1217 2474 ἀν
1234 2412 1286 2474 καὶ
1307 2411 1400 2475 ἄλλον
1417 2411 1469 2475 λέ-

374 2544 483 2612 γοντος
505 2523 676 2612 ἠνεσχόμην
698 2519 788 2605 ποτέ,
814 2519 972 2585 λειπόντων
993 2528 1051 2585 τῶν
1077 2519 1292 2610 ἐγκλημάτων,
1321 2522 1472 2610 συγγινώ-

375 2655 481 2717 σκειν,
500 2634 573 2716 καί,
589 2631 658 2723 ὅπερ
673 2631 709 2695 άν
725 2627 853 2705 ἕκαστος
873 2627 956 2716 ὑμῶν
977 2633 1018 2705 εἰς
1034 2634 1167 2694 τοιοῦτον
1187 2631 1346 2704 καταστὰς
1364 2631 1470 2720 ἀγῶνα

374 2745 525 2834 ἔπραττεν
540 2748 593 2827 ἀν,
617 2747 705 2807 τοῦτο
726 2737 844 2819 διδόναι
861 2742 969 2827 κάμοί.
996 2740 1041 2805 ot
1062 2743 1122 2833 γὰρ
1140 2738 1208 2818 ξένοι
1225 2743 1296 2832 τάῥ
1320 2741 1470 2827 θησόμενα

374 2854 431 2918 καί
455 2850 523 2929 τοὺς
543 2851 671 2928 πολλοὺς
690 2852 892 2936 λανθάνοντα,
913 2851 995 2937 ἀλλ’,
1016 2849 1120 2940 οἶμαι,
1147 2855 1284 2945 γνώριμα
1301 2861 1377 2916 πάσι
1388 2896 1398 2928 ,
1417 2856 1469 2918 καί

375 2956 418 3029 ών
436 2961 521 3051 ὑμεῖς
536 2962 624 3029 πλέον
637 2972 696 3029 τῶν
713 2963 812 3028 ἀλλων
829 2965 989 3055 μάρτυρες.

425 3055 529 3166 riyo²‚
547 3075 596 3140 ἵνα
611 3074 709 3139 τάλλα
725 3081 832 3165 παρῶ,
850 3072 883 3138 ού
900 3071 973 3162 χθὲς
991 3076 1043 3139 καὶ
1063 3076 1120 3166 πρὸ
1137 3075 1253 3166 τρίτης3
1268 3077 1404 3172 ἠρξάμην
1420 3084 1470 3148 τὸν

375 3179 473 3279 δῆμον
490 3183 583 3277 φιλεῖν
596 3189 648 3248 καὶ
663 3185 715 3255 την
730 3180 938 3275 δημοκρατίαν
954 3185 1168 3259 ἀσπάζεσθαι·
1186 3187 1254 3252 ἀλλ’
1267 3191 1333 3277 άμα
1350 3201 1392 3279 τῷ
1410 3217 1471 3257 πα-

374 3291 488 3388 τέρωνι
503 3278 641 3372 ἐξουσίας
655 3296 841 3365 ἀπολυθῆναι
853 3296 905 3359 καί
920 3298 1106 3382 μαθημάτων
1123 3299 1262 3368 ἀνεθῆναι
1277 3304 1328 3366 καὶ
1346 3312 1405 3368 τῶν
1422 3303 1467 3370 ἐπί

374 3406 495 3483 τούτοις
511 3408 677 3498 ἀσχολιῶν,
694 3411 766 3495 μίαν
780 3407 885 3494 ἐθέμην
900 3409 1020 3498 γνώμην
1032 3408 1106 3500 παρ’
1119 3408 1240 3498 ἐμαυτῷ
1253 3415 1305 3477 καὶ
1320 3411 1467 3500 σπουδήν,

374 3518 411 3585 τό
428 3520 510 3585 κατά
522 3520 574 3590 τὴν
589 3519 736 3611 ἡμετέραν
749 3518 901 3619 πολιτείαν
916 3515 1033 3610 διάγειν
1043 3521 1095 3584 καὶ
1110 3516 1203 3606 μηδὲν
1216 3522 1357 3612 ἡγεῖσθαι
1371 3535 1471 3617 κρεῖτ-

413 3730 528 3785 'Schola
541 3739 746 3801 προκατάστασις,
761 3740 775 3791 ἡ
791 3739 831 3783 καὶ
848 3753 911 3802 προ·
971 3733 1117 3804 ’Πατέρωη
1132 3736 1208 3801 patris
1222 3751 1251 3786 ac
1267 3738 1365 3799 matris,
1381 3755 1470 3804 pareu-

374 3813 492 3877 διήγησις.
938 3823 998 3863 tum.
1009 3813 1181 3864 christodorus
1190 3815 1265 3865 harh.
1275 3820 1300 3874 t,
1309 3820 1356 3867 698
1368 3838 1373 3867 :
1383 3815 1470 3886 ’ῼχιτι

410 3889 524 3942 ’Sohoht
538 3897 700 3952 κατάστασις,
715 3898 729 3949 ἡ
742 3894 907 3956 καὶδιήγησις.
937 3897 1102 3957 μουσοπόλοισι
1131 3898 1203 3950 ποθὴν
1233 3901 1358 3946 πάντεσσιν
1385 3901 1467 3958 ἐάσας,

410 3969 472 4019 'De
491 3969 595 4020 formula
616 3975 670 4036 χθὲς
686 3976 726 4020 καί
748 3978 793 4038 πρὸ
813 3979 908 4039 τρίτης,
937 3970 982 4030 Οῧς
993 3975 1070 4024 ἐπόθει
1081 3978 1188 4040 πατέρων
1202 3980 1303 4042 φέρτεροι
1319 3984 1467 4040 γειναμένων.

374 4051 417 4112 χθ.
440 4053 481 4097 καί
501 4053 638 4117 πρότριτα,
657 4048 807 4099 adsuerit.
828 4050 909 4112 Nora,
937 4050 1068 4116 Gregorius
1091 4052 1221 4116 Presbyter
1239 4052 1293 4102 vita
1311 4053 1468 4118 Nazianzeni,

375 4127 623 4191 p.166.Estsirnilir
637 4129 685 4178 alia
698 4134 751 4194 χθὲς
765 4136 804 4178 καί
819 4137 908 4197 πρώην.
936 4147 963 4194 p.
976 4133 990 4178 3
1004 4150 1010 4179 2
1027 4136 1127 4198 πατέρες
1143 4138 1185 4195 μὲν
1204 4131 1269 4198 αύτῷ
1283 4131 1467 4200 εὖπατρίδαι..,.

375 4204 466 4255 Dicunt
485 4205 560 4269 hodio
583 4213 638 4272 χθὲς
655 4214 694 4258 καί
712 4213 825 4277 προχθές,
844 4209 910 4274 quod
938 4215 968 4260 ῶν
981 4213 993 4259 ὁ
1003 4216 1045 4273 μὲν
1058 4217 1179 4276 πατήρ....
1197 4215 1211 4264 ἡ
1229 4210 1253 4258 δὲ
1263 4217 1384 4277 μήτηρ...
1398 4213 1468 4264 Adde

373 4296 538 4349 synonymum
564 4295 610 4336 ost.
639 4287 736 4338 Etenim
767 4288 910 4338 scholiastes
937 4288 1045 4338 notulam
1071 4303 1151 4336 meam
1173 4287 1206 4336 ad
1230 4287 1386 4340 Theocritum
1407 4293 1467 4343 edit.

374 4359 515 4411 Philostrati
526 4362 585 4413 Her.
600 4381 627 4430 p.
638 4366 701 4430 578,
712 4374 792 4435 πρώην
803 4367 910 4432 explicat
938 4367 992 4429 alt,
1002 4376 1027 4415 et
1038 4367 1069 4415 ad
1080 4366 1145 4415 huno
1155 4366 1234 4431 ipsum
1247 4367 1328 4419 locum
1339 4370 1363 4420 in
1373 4370 1467 4422 hnecd.

325 4446 328 4453 '
374 4438 609 4510 ορροεῖιοπροχθές,
937 4444 980 4495 Gr.
995 4456 1013 4495 ι.
1030 4445 1058 4508 V,
1073 4462 1098 4511 p.
1111 4446 1167 4497 363.
