3684 5659
373 567 420 638 32
711 575 744 632 Γ.
773 573 847 635 ΤΟΥ
871 520 1127 633 ΙλΑΧΥΜΕΡΟΥΣ

372 709 491 786 λνπτεν,
511 709 526 773 ό
544 707 694 798 φωςφόρος
714 705 800 780 εῦθῦς
820 705 972 796 ἐμφανής,
994 707 1046 771 καί
1069 709 1170 770 πάντα
1189 706 1266 771 πλέα
1285 708 1397 797 φωτός,
1409 709 1465 783 τόν

372 818 462 884 αὐτὸν
479 819 586 910 τρόπον
600 819 666 901 καί,
679 817 746 905 οίμα
758 825 801 904 τῷ
813 816 971 908 παρελθεῖν
985 817 1107 900 ἐκεῖνον,
1125 818 1184 881 ἀνόι
1197 818 1250 888 τήν
1263 818 1350 882 πόλιν
1363 827 1465 885 πᾶσαν

371 932 474 1022 αἰθρία
492 927 658 1016 ἐπέλαμψε.
681 930 740 992 Καὶ
762 929 842 993 ούπω
862 930 981 1018 φθάσας
1002 927 1103 1003 καλῶς
1120 926 1231 1003 ἐκεῖνος
1251 924 1390 1020 ἀπέδρα,
1411 933 1464 996 καί

371 1045 452 1133 φήμη
471 1041 569 1105 θεόθεν
587 1038 747 1130 εὐάγγελος
763 1038 950 1130 περιεκτύπει
970 1041 1026 1114 τὰς
1043 1047 1102 1103 τῶν
1123 1039 1251 1112 πολιτῶν
1274 1036 1391 1118 ἀκοάς,Ι
1412 1033 1464 1107 καί

371 1152 461 1227 ἄλλος
480 1151 562 1239 άλλῳ
576 1149 735 1241 συνέχαιρε
755 1145 1034 1241 διηγούμενος,καί
1053 1153 1174 1225 πάντες·
1196 1131 1252 1214 «ὁ
1269 1150 1432 1242 φιλόσοφος
1450 1178 1466 1211 ν

371 1262 470 1353 ἔλεγον
487 1285 502 1317 ιι
523 1262 538 1325 5
559 1257 711 1348 δημότης,
733 1261 747 1325 5
767 1259 874 1352 γέρων,
900 1259 932 1325 όν
954 1262 1041 1347 ήμεῖς
1061 1255 1200 1347 οἴδαμεν,
1220 1259 1328 1325 τούτου
1349 1263 1464 1354 κατόρ-

372 1376 459 1462 θωμα
482 1374 514 1437 τό
533 1375 642 1465 παρόν,
666 1371 772 1436 τούτου
798 1367 906 1463 πρᾶξις
932 1374 1062 1461 ἀρίστη·
1083 1377 1186 1436 τοῦτον
1205 1376 1369 1463 στεφανοῦν
1393 1369 1462 1458 δεῖ,

371 1490 475 1550 τοῦτον
492 1487 627 1568 σιτίζειν,
645 1487 749 1547 τοῦτον
763 1481 916 1574 κηρύττειν
935 1481 980 1547 ἐπί
999 1488 1051 1546 τοῦ
1071 1479 1255 1569 βήματος.»

421 1596 480 1660 Καὶ
495 1600 594 1660 ταῦτα
609 1591 661 1681 μὲν
675 1595 693 1664 ή
708 1593 793 1669 πόλις
809 1595 952 1680 μαθοῦσα
970 1592 1007 1656 τό-
1019 1594 1139 1682 γεγονός
1156 1610 1164 1626 ·
1185 1591 1219 1656 οῦ
1237 1593 1295 1680 μήν
1312 1589 1347 1657 δὲ
1364 1595 1416 1659 καί
1437 1595 1464 1660 οί

373 1706 419 1773 ἐπ’
432 1710 531 1799 ἀγρῶν
546 1709 693 1780 οἰκοῦντες
706 1712 748 1791 τῷ
761 1703 835 1779 τέως
847 1699 855 1733 ¹
870 1711 929 1768 τῶν
946 1700 1123 1789 συμθοίντων
1136 1705 1295 1795 γεγόνασιν
1311 1707 1462 1782 ἀπευθεῖς.

373 1799 446 1883 Ᾱλλ’
459 1819 526 1905 άμα
539 1819 670 1881 κάκεῖνοι
685 1813 892 1903 συντρέχουσι,
907 1814 959 1877 καί
978 1815 1091 1903 γίνεται
1105 1813 1194 1877 πάλιν
1212 1811 1355 1906 δευτέρας
1373 1816 1465 1880 πολι-’

372 1931 454 2003 τείας
475 1927 642 2017 ἀρχή,καί
663 1923 715 1988 νέα
735 1920 819 1998 τάξις
842 1918 1007 2009 δημοτικῆς
1028 1927 1263 2015 καταστάσεως.
1290 1908 1466 2019 Ᾰνοίγονται

372 2039 435 2101 ναοί
454 2038 505 2100 καί
523 2039 596 2099 θεῶν
609 2037 762 2125 ἀνάκτορα
777 2033 1037 2116 καλλωπίζονται,
1054 2037 1253 2126 καθαίρονται
1271 2033 1395 2115 ξόανα’,
1412 2041 1464 2103 καί

370 2149 476 2220 πάντες
489 2144 555 2232 μεθ’
568 2140 677 2218 ήδονής
689 2146 729 2209 τά
741 2147 927 2235 χαριστήρια
940 2143 1057 2208 θύουσι.
1074 2147 1132 2208 Καὶ
1150 2141 1249 2221 οῦδείς
1265 2146 1343 2224 όςτις
1357 2147 1392 2213 οῦ
1407 2173 1464 2217 τυ,-

370 2260 475 2347 ράννου
492 2256 577 2346 φόνον
596 2255 649 2324 τήν
667 2253 779 2319 ἐκείνου
797 2257 889 2346 φυγήν
908 2256 1048 2343 ὀνομάζει
1068 2258 1119 2320 καί
1138 2260 1369 2346 τυραννοκτόνον
1386 2259 1461 2347 ε’μέ·

274 2384 278 2393 “
370 2365 441 2459 παρ’
455 2367 490 2438 ἣν
507 2368 608 2430 αἰτίαν
621 2366 672 2430 καί
692 2356 785 2456 γέρως
800 2363 922 2442 ε’παξίου
939 2363 1110 2438 τεθέληκενί
1127 2363 1244 2442 ἀξιοῦν.

346 2479 349 2487 ’
418 2479 511 2552 Μόνος
529 2471 559 2540 δ’
574 2468 659 2552 οῦτος
679 2477 799 2564 αἵματα
817 2480 868 2543 καί
887 2478 993 2570 φόνους
1012 2478 1148 2569 θρυλλεῖ,
1167 2481 1219 2542 καί
1240 2478 1284 2544 ότι
1305 2477 1358 2566 μὲν
1376 2479 1464 2545 ε’λευ·

371 2588 442 2680 θέρα
457 2589 475 2658 η’
493 2588 578 2663 πόλις
594 2591 645 2653 καί
667 2595 749 2654 ἄκων
765 2590 903 2681 ὁμολογεῖ
918 2607 926 2623 ·
945 2589 988 2654 ότι
1006 2586 1036 2654 δ’
1055 2589 1089 2653 οῦ
1107 2591 1157 2654 τόν
1174 2590 1281 2681 τρόπον
1298 2589 1329 2654 όν
1350 2586 1429 2666 ἀξιοῖ
1446 2595 1465 2664 ή

370 2698 521 2790 ἐλευθερία
541 2707 577 2786 τῇ
598 2699 682 2764 πόλει
703 2700 830 2791 ἐγένετο,
855 2700 889 2763 τό
910 2709 971 2764 πᾶν
994 2699 1165 2789 ἐκφαυλίζει
1183 2709 1235 2775 τής
1252 2696 1401 2791 πράξεως,
1424 2705 1466 2790 μή

371 2805 513 2884 συνετῶς*
527 2807 630 2872 ἐννοῶν
645 2808 690 2873 ότι
705 2813 806 2896 μεῖζον
816 2810 849 2873 τό
864 2805 941 2896 δίχα
953 2816 1075 2899 σφαγῶν
1088 2810 1139 2872 καί
1156 2808 1302 2900 θορύθων,
1316 2811 1334 2880 ή
1349 2813 1383 2876 τό
1397 2797 1465 2899 μεθ’

372 2922 507 3013 αἱμάτων
526 2922 578 2986 καὶ
600 2915 756 3004 κινδύνων,
775 2922 904 2985 ἀπωθεῖν
923 2914 1085 3010 τυραννίδα
1104 2921 1155 2982 καί
1172 2919 1256 2983 πόλιν
1279 2919 1464 3012 ἐλευθεροῦν.

373 3036 501 3110 Εκείνως
518 3031 645 3124 μὲνγὰρ
663 3030 696 3095 οῦ
715 3033 857 3123 καθαρῶς
870 3031 904 3095 τό
922 3039 1007 3114 νικᾷν
1025 3031 1154 3117 ἔχεικαὶ
1174 3029 1276 3116 μόνον,
1298 3030 1366 3095 ἀλλ’
1386 3036 1467 3100 ἔστιν

375 3137 408 3212 οῦ
422 3148 473 3211 καί
494 3146 508 3210 5
527 3139 757 3209 διακινδυνεύων
774 3145 934 3214 ήττήσεται
944 3189 954 3226 ,
970 3143 1022 3206 καί
1040 3148 1146 3215 κοινῶς
1166 3137 1218 3228 μέν
1239 3148 1313 3217 ίσως
1331 3140 1466 3230 θυμηδία

375 3261 460 3322 ἔσται
475 3259 526 3322 καί
540 3253 687 3347 τερπωλή,
703 3255 763 3319 τισί
778 3250 808 3319 δ’
823 3249 907 3330 ἰδίως
919 3255 971 3318 καὶ
986 3251 1061 3323 λύπη
1075 3260 1133 3316 τῶν
1147 3252 1263 3316 οἰκείων
1276 3252 1468 3320 ἀποὸαλοῦσί

376 3371 538 3455 τινας,καί
555 3374 642 3434 τοῦτο
659 3364 698 3440 δή
715 3361 938 3458 κλαυσίγελως“
956 3374 1018 3440 τοῖς
1035 3365 1173 3439 πολίταις
1193 3367 1392 3450 σταθήσεται,
1412 3370 1465 3432 καὶ

378 3485 547 3576 χαρήσεται
566 3480 618 3570 μέν
638 3481 652 3546 5
671 3480 793 3553 πολίτης
809 3473 862 3542 διὰ
879 3478 932 3547 τήν
950 3476 1117 3567 ἐλευθερίαν
1135 3484 1188 3550 τῆς
1205 3477 1337 3561 πόλεως,
1360 3472 1413 3541 διὰ
1432 3473 1466 3541 δέ

378 3596 411 3659 τό
427 3595 491 3658 υἱόν
504 3593 523 3662 ἰν
536 3589 744 3682 κασίγνητονή
762 3588 852 3654 ἀλλον
870 3590 938 3652 τινὰ
955 3596 1013 3652 τῶν
1033 3589 1149 3652 οἰκείων
1169 3586 1346 3663 ἀποθαλεῖν,
1360 3590 1468 3652 νοθευ-

379 3708 501 3776 θήσεται
516 3706 534 3775 ή
552 3705 658 3794 χαρά·
681 3699 773 3776 ούτως
787 3696 820 3765 δὲ
835 3698 982 3808 ἀθόρυὸφν
994 3698 1028 3762 τό
1046 3697 1152 3776 καλόν,
1171 3700 1205 3762 τὸ
1221 3700 1334 3789 ἀγαθόν
1351 3698 1466 3763 ἀκολό-

380 3816 486 3900 θωτον,
509 3817 560 3880 καὶ
579 3816 598 3885 ή
616 3815 701 3905 χαρά
719 3821 805 3878 πᾶσα
825 3812 922 3881 κοινή.
944 3813 1110 3904 Ωςπερτής
1128 3806 1308 3897 ἐλευθερίας,
1329 3805 1405 3872 ούτω
1427 3806 1467 3880 δή

380 3931 431 3994 καὶ
449 3925 558 4002 ταύτης
575 3922 835 3989 καταπολαύουσι.

413 4098 499 4150 11(ἔσθ.
515 4101 614 4153 τωτίως.
635 4092 669 4141 De
687 4089 734 4140 hac
754 4085 855 4140 formula
874 4086 905 4136 ad
932 4102 1016 4136 sonam
1025 4101 1052 4134 se
1059 4099 1144 4148 gerere
1154 4083 1257 4133 oratoris
1266 4082 1390 4134 λιθολΕῑ
1401 4086 1467 4136 redi-

380 4178 533 4237 Choricium,
557 4191 583 4241 p.
611 4173 669 4223 34².
687 4169 727 4218 Sic
750 4167 851 4218 inferius
873 4176 906 4233 τῷ
936 4164 971 4213 bit
984 4168 1088 4221 τιθῖληκε
1100 4162 1206 4213 Declam.
1220 4161 1253 4210 111

381 4264 445 4308 τότε,
969 4243 979 4268 ⁴
992 4241 1084 4291 schol-2
1095 4247 1151 4310 πρός
1165 4262 1200 4292 τι.

415 4334 424 4360 '²
436 4334 497 4384 Cod.
509 4337 652 4402 καθαίροντα
663 4333 742 4390 ξόανα.
970 4321 1148 4384 Ἣαυοῖγελως
1165 4334 1252 4369 ποιησει
1265 4328 1303 4367 est
1316 4317 1468 4383 Xenophon·

417 4414 426 4440 ³
440 4414 499 4463 Non·
511 4411 652 4463 recordatur
671 4408 830 4472 pachymeres
852 4417 909 4467 per·
937 4409 1016 4457 teum,
1029 4398 1060 4448 de
1071 4415 1119 4463 quo
1130 4398 1209 4448 Morus
1222 4396 1252 4447 ad
1264 4395 1359 4446 Hellen.
