<?xml version="1.0" encoding="UTF-8"?>
<!DOCTYPE html PUBLIC "-//W3C//DTD XHTML 1.0 Transitional//EN"
    "http://www.w3.org/TR/xhtml1/DTD/xhtml1-transitional.dtd">
<html xmlns="http://www.w3.org/1999/xhtml" xml:lang="en" lang="en">
 <head>
  <title>
</title>
<meta http-equiv="Content-Type" content="text/html;charset=utf-8" />
  <meta name='ocr-system' content='tesseract 3.04.00' />
  <meta name='ocr-capabilities' content='ocr_page ocr_carea ocr_par ocr_line ocrx_word'/>
</head>
<body>
  <div class='ocr_page' id='page_1' title='image "./gpachymerisdecl00hiergoog_0356.png"; bbox 0 0 3684 5659; ppageno 0'>
   <div class='ocr_carea' id='block_1_1' title="bbox 449 624 1263 698">
    <p class='ocr_par' dir='ltr' id='par_1_1' title="bbox 449 624 1263 698">
     <span class='ocr_line' id='line_1_1' title="bbox 449 624 1263 698; baseline -0.007 -1"><span class='ocrx_word' id='word_1_1' title='bbox 449 634 510 697; x_wconf 67' lang='lat'>33⁰</span> <span class='ocrx_word' id='word_1_2' title='bbox 728 624 912 695; x_wconf 72' lang='lat' dir='ltr'>lubntius</span> <span class='ocrx_word' id='word_1_3' title='bbox 932 626 982 691; x_wconf 80' lang='grc' dir='ltr'>ΕΤ</span> <span class='ocrx_word' id='word_1_4' title='bbox 1002 624 1263 698; x_wconf 70' lang='lat' dir='ltr'>concinnitur..</span> 
     </span>
    </p>
   </div>
   <div class='ocr_carea' id='block_1_2' title="bbox 449 760 1612 843">
    <p class='ocr_par' dir='ltr' id='par_1_2' title="bbox 449 760 1612 843">
     <span class='ocr_line' id='line_1_2' title="bbox 449 760 1612 843; baseline 0.001 -21"><span class='ocrx_word' id='word_1_5' title='bbox 449 782 553 823; x_wconf 69' lang='lat' dir='ltr'>manus</span> <span class='ocrx_word' id='word_1_6' title='bbox 575 761 620 821; x_wconf 87' lang='lat' dir='ltr'>De</span> <span class='ocrx_word' id='word_1_7' title='bbox 639 761 746 821; x_wconf 76' lang='lat' dir='ltr'>sanctis</span> <span class='ocrx_word' id='word_1_8' title='bbox 766 761 909 843; x_wconf 83' lang='lat' dir='ltr'>imagiun.</span> <span class='ocrx_word' id='word_1_9' title='bbox 936 760 1082 821; x_wconf 73' lang='lat' dir='ltr'>Christum</span> <span class='ocrx_word' id='word_1_10' title='bbox 1105 760 1243 821; x_wconf 82' lang='lat' dir='ltr'>describit</span> <span class='ocrx_word' id='word_1_11' title='bbox 1265 782 1293 843; x_wconf 90' lang='lat' dir='ltr'>p.</span> <span class='ocrx_word' id='word_1_12' title='bbox 1312 760 1372 825; x_wconf 78' lang='lat'>114</span> <span class='ocrx_word' id='word_1_13' title='bbox 1392 784 1401 820; x_wconf 85' lang='lat'><em>=</em></span> <span class='ocrx_word' id='word_1_14' title='bbox 1418 765 1542 835; x_wconf 71' lang='grc' dir='ltr'><strong>ὠήλαα,</strong></span> <span class='ocrx_word' id='word_1_15' title='bbox 1608 796 1612 807; x_wconf 74' lang='lat'>.</span> 
     </span>
    </p>
   </div>
   <div class='ocr_carea' id='block_1_3' title="bbox 449 856 1546 1034">
    <p class='ocr_par' dir='ltr' id='par_1_3' title="bbox 449 856 1546 1034">
     <span class='ocr_line' id='line_1_3' title="bbox 449 856 1541 938; baseline -0.004 -22"><span class='ocrx_word' id='word_1_16' title='bbox 449 865 589 938; x_wconf 68' lang='grc' dir='ltr'>σύνοφρυν,</span> <span class='ocrx_word' id='word_1_17' title='bbox 607 859 780 935; x_wconf 70' lang='lat' dir='ltr'>sidpdulpos,</span> <span class='ocrx_word' id='word_1_18' title='bbox 795 859 937 937; x_wconf 70' lang='lat' dir='ltr'>lulpptnoa,</span> <span class='ocrx_word' id='word_1_19' title='bbox 957 858 1086 937; x_wconf 72' lang='grc' dir='ltr'>ὠλόθριξι</span> <span class='ocrx_word' id='word_1_20' title='bbox 1087 881 1164 915; x_wconf 77' lang='grc'><strong>......</strong></span> <span class='ocrx_word' id='word_1_21' title='bbox 1172 856 1296 935; x_wconf 69' lang='lat' dir='ltr'>presidia</span> <span class='ocrx_word' id='word_1_22' title='bbox 1312 861 1411 937; x_wconf 60' lang='lat' dir='ltr'>pilatu</span> <span class='ocrx_word' id='word_1_23' title='bbox 1428 860 1541 937; x_wconf 66' lang='grc' dir='ltr'><strong>ἶχσηα.</strong></span> 
     </span>
     <span class='ocr_line' id='line_1_4' title="bbox 449 948 1546 1034; baseline -0.003 -21"><span class='ocrx_word' id='word_1_24' title='bbox 449 950 661 1032; x_wconf 87' lang='lat' dir='ltr'>lleponendum</span> <span class='ocrx_word' id='word_1_25' title='bbox 674 948 792 1009; x_wconf 84' lang='lat' dir='ltr'>divisim</span> <span class='ocrx_word' id='word_1_26' title='bbox 801 948 875 1007; x_wconf 65' lang='lat' dir='ltr'>cotos</span> <span class='ocrx_word' id='word_1_27' title='bbox 886 952 981 1031; x_wconf 76' lang='grc' dir='ltr'>θριξίν,</span> <span class='ocrx_word' id='word_1_28' title='bbox 992 950 1039 1009; x_wconf 86' lang='lat' dir='ltr'>vel</span> <span class='ocrx_word' id='word_1_29' title='bbox 1051 952 1214 1031; x_wconf 71' lang='grc' dir='ltr'>οὐλότριχα,</span> <span class='ocrx_word' id='word_1_30' title='bbox 1225 954 1395 1034; x_wconf 73' lang='grc' dir='ltr'>ὠλότριχον,</span> <span class='ocrx_word' id='word_1_31' title='bbox 1412 964 1443 1013; x_wconf 88' lang='lat' dir='ltr'>et</span> <span class='ocrx_word' id='word_1_32' title='bbox 1453 956 1546 1032; x_wconf 67' lang='grc' dir='ltr'><strong><em>μίλα-</em></strong></span> 
     </span>
    </p>
   </div>
   <div class='ocr_carea' id='block_1_4' title="bbox 449 1042 1553 2843">
    <p class='ocr_par' dir='ltr' id='par_1_4' title="bbox 449 1042 1553 2843">
     <span class='ocr_line' id='line_1_5' title="bbox 450 1042 1544 1129; baseline 0.002 -24"><span class='ocrx_word' id='word_1_33' title='bbox 450 1071 498 1107; x_wconf 73' lang='lat' dir='ltr'>scs</span> <span class='ocrx_word' id='word_1_34' title='bbox 516 1059 567 1107; x_wconf 84' lang='lat' dir='ltr'>aut</span> <span class='ocrx_word' id='word_1_35' title='bbox 579 1048 701 1125; x_wconf 64' lang='lat' dir='ltr'>pluvia.</span> <span class='ocrx_word' id='word_1_36' title='bbox 719 1042 871 1105; x_wconf 86' lang='lat' dir='ltr'>Contrario</span> <span class='ocrx_word' id='word_1_37' title='bbox 891 1042 979 1103; x_wconf 89' lang='lat' dir='ltr'>modo</span> <span class='ocrx_word' id='word_1_38' title='bbox 996 1042 1159 1124; x_wconf 79' lang='lat' dir='ltr'>Theognidi</span> <span class='ocrx_word' id='word_1_39' title='bbox 1179 1045 1249 1105; x_wconf 86' lang='lat' dir='ltr'>olim</span> <span class='ocrx_word' id='word_1_40' title='bbox 1266 1048 1401 1129; x_wconf 73' lang='lat' dir='ltr'>prodesse</span> <span class='ocrx_word' id='word_1_41' title='bbox 1422 1042 1544 1109; x_wconf 77' lang='lat' dir='ltr'>conatus</span> 
     </span>
     <span class='ocr_line' id='line_1_6' title="bbox 450 1138 1544 1223; baseline 0.002 -22"><span class='ocrx_word' id='word_1_42' title='bbox 450 1164 514 1203; x_wconf 90' lang='lat' dir='ltr'>snm</span> <span class='ocrx_word' id='word_1_43' title='bbox 526 1164 556 1205; x_wconf 85' lang='lat' dir='ltr'>v.</span> <span class='ocrx_word' id='word_1_44' title='bbox 573 1142 666 1213; x_wconf 81' lang='lat'>1087,</span> <span class='ocrx_word' id='word_1_45' title='bbox 678 1139 760 1205; x_wconf 73' lang='lat' dir='ltr'>mule</span> <span class='ocrx_word' id='word_1_46' title='bbox 773 1140 921 1221; x_wconf 64' lang='lat' dir='ltr'>scripturae</span> <span class='ocrx_word' id='word_1_47' title='bbox 934 1138 1066 1201; x_wconf 80' lang='lat' dir='ltr'>codicum</span> <span class='ocrx_word' id='word_1_48' title='bbox 1081 1140 1166 1219; x_wconf 65' lang='grc' dir='ltr'>δῆμον</span> <span class='ocrx_word' id='word_1_49' title='bbox 1178 1141 1204 1201; x_wconf 81' lang='grc' dir='ltr'>δ’</span> <span class='ocrx_word' id='word_1_50' title='bbox 1219 1145 1299 1214; x_wconf 75' lang='grc' dir='ltr'><strong>ἄξια,</strong></span> <span class='ocrx_word' id='word_1_51' title='bbox 1315 1143 1398 1223; x_wconf 68' lang='grc' dir='ltr'><strong>θῦμον</strong></span> <span class='ocrx_word' id='word_1_52' title='bbox 1415 1143 1441 1203; x_wconf 73' lang='grc' dir='ltr'>δ’</span> <span class='ocrx_word' id='word_1_53' title='bbox 1457 1147 1544 1215; x_wconf 75' lang='grc' dir='ltr'><strong>ἄξων,</strong></span> 
     </span>
     <span class='ocr_line' id='line_1_7' title="bbox 451 1224 1545 1319; baseline 0 -22"><span class='ocrx_word' id='word_1_54' title='bbox 451 1239 542 1317; x_wconf 70' lang='grc' dir='ltr'>δήμων</span> <span class='ocrx_word' id='word_1_55' title='bbox 558 1239 630 1306; x_wconf 65' lang='grc' dir='ltr'>ἀξιοῖ</span> <span class='ocrx_word' id='word_1_56' title='bbox 647 1236 677 1296; x_wconf 79' lang='lat' dir='ltr'>tt</span> <span class='ocrx_word' id='word_1_57' title='bbox 690 1238 774 1296; x_wconf 69' lang='grc' dir='ltr'><strong>πολλοὶ</strong></span> <span class='ocrx_word' id='word_1_58' title='bbox 791 1242 874 1317; x_wconf 73' lang='lat' dir='ltr'>ptpsss</span> <span class='ocrx_word' id='word_1_59' title='bbox 888 1239 976 1317; x_wconf 73' lang='grc' dir='ltr'><strong>βαρύ,</strong></span> <span class='ocrx_word' id='word_1_60' title='bbox 991 1236 1191 1297; x_wconf 79' lang='lat' dir='ltr'>substituens:</span> <span class='ocrx_word' id='word_1_61' title='bbox 1207 1242 1335 1317; x_wconf 65' lang='grc' dir='ltr'>Δημῶναξ</span> <span class='ocrx_word' id='word_1_62' title='bbox 1344 1238 1388 1311; x_wconf 75' lang='lat' dir='ltr'>‚si</span> <span class='ocrx_word' id='word_1_63' title='bbox 1399 1224 1485 1299; x_wconf 68' lang='lat' dir='ltr'>collui</span> <span class='ocrx_word' id='word_1_64' title='bbox 1496 1247 1545 1319; x_wconf 78' lang='lat' dir='ltr'>pt-</span> 
     </span>
     <span class='ocr_line' id='line_1_8' title="bbox 449 1330 1543 1416; baseline 0.002 -25"><span class='ocrx_word' id='word_1_65' title='bbox 449 1357 505 1416; x_wconf 75' lang='lat' dir='ltr'>pers</span> <span class='ocrx_word' id='word_1_66' title='bbox 512 1336 603 1414; x_wconf 75' lang='grc' dir='ltr'><strong>βαρύς.</strong></span> <span class='ocrx_word' id='word_1_67' title='bbox 613 1330 664 1390; x_wconf 83' lang='lat' dir='ltr'>Me</span> <span class='ocrx_word' id='word_1_68' title='bbox 673 1350 788 1411; x_wconf 79' lang='lat' dir='ltr'>prorsus</span> <span class='ocrx_word' id='word_1_69' title='bbox 799 1331 940 1389; x_wconf 75' lang='lat' dir='ltr'>insciente</span> <span class='ocrx_word' id='word_1_70' title='bbox 949 1330 1105 1395; x_wconf 80' lang='lat' dir='ltr'>Welcker.</span> <span class='ocrx_word' id='word_1_71' title='bbox 1117 1331 1197 1392; x_wconf 84' lang='lat' dir='ltr'>vird.</span> <span class='ocrx_word' id='word_1_72' title='bbox 1209 1332 1247 1393; x_wconf 87' lang='lat' dir='ltr'>ad</span> <span class='ocrx_word' id='word_1_73' title='bbox 1256 1333 1440 1406; x_wconf 69' lang='lat' dir='ltr'>neminem,</span> <span class='ocrx_word' id='word_1_74' title='bbox 1451 1354 1481 1413; x_wconf 86' lang='lat' dir='ltr'>p.</span> <span class='ocrx_word' id='word_1_75' title='bbox 1491 1334 1543 1403; x_wconf 80' lang='lat'>85,</span> 
     </span>
     <span class='ocr_line' id='line_1_9' title="bbox 451 1424 1548 1507; baseline 0.001 -20"><span class='ocrx_word' id='word_1_76' title='bbox 451 1440 516 1487; x_wconf 91' lang='lat' dir='ltr'>octo</span> <span class='ocrx_word' id='word_1_77' title='bbox 535 1438 603 1485; x_wconf 82' lang='lat' dir='ltr'>unte</span> <span class='ocrx_word' id='word_1_78' title='bbox 624 1446 718 1487; x_wconf 82' lang='lat' dir='ltr'>mecm</span> <span class='ocrx_word' id='word_1_79' title='bbox 736 1424 896 1489; x_wconf 81' lang='lat' dir='ltr'>editionem</span> <span class='ocrx_word' id='word_1_80' title='bbox 918 1424 1003 1485; x_wconf 84' lang='lat' dir='ltr'>cunis</span> <span class='ocrx_word' id='word_1_81' title='bbox 1027 1426 1208 1505; x_wconf 86' lang='lat' dir='ltr'>conjecerat,</span> <span class='ocrx_word' id='word_1_82' title='bbox 1231 1430 1375 1507; x_wconf 70' lang='grc' dir='ltr'>Δημῶναξ,</span> <span class='ocrx_word' id='word_1_83' title='bbox 1397 1434 1443 1487; x_wconf 81' lang='grc' dir='ltr'>σοὶ</span> <span class='ocrx_word' id='word_1_84' title='bbox 1462 1428 1548 1488; x_wconf 76' lang='grc' dir='ltr'>πολλὰ</span> 
     </span>
     <span class='ocr_line' id='line_1_10' title="bbox 451 1519 1547 1604; baseline 0.002 -23"><span class='ocrx_word' id='word_1_85' title='bbox 451 1530 535 1604; x_wconf 74' lang='lat' dir='ltr'>plpnc</span> <span class='ocrx_word' id='word_1_86' title='bbox 550 1524 640 1603; x_wconf 75' lang='grc' dir='ltr'><strong>βαρύ,</strong></span> <span class='ocrx_word' id='word_1_87' title='bbox 655 1533 686 1581; x_wconf 82' lang='lat' dir='ltr'>et</span> <span class='ocrx_word' id='word_1_88' title='bbox 699 1522 825 1603; x_wconf 77' lang='lat' dir='ltr'>graviter</span> <span class='ocrx_word' id='word_1_89' title='bbox 838 1520 940 1581; x_wconf 78' lang='lat' dir='ltr'>tulisse</span> <span class='ocrx_word' id='word_1_90' title='bbox 957 1519 1072 1581; x_wconf 83' lang='lat' dir='ltr'>videtur</span> <span class='ocrx_word' id='word_1_91' title='bbox 1087 1542 1134 1581; x_wconf 86' lang='lat' dir='ltr'>me</span> <span class='ocrx_word' id='word_1_92' title='bbox 1148 1542 1231 1583; x_wconf 81' lang='lat' dir='ltr'>annm</span> <span class='ocrx_word' id='word_1_93' title='bbox 1246 1522 1317 1583; x_wconf 89' lang='lat' dir='ltr'>mibi</span> <span class='ocrx_word' id='word_1_94' title='bbox 1327 1522 1431 1583; x_wconf 81' lang='lat' dir='ltr'>secisse</span> <span class='ocrx_word' id='word_1_95' title='bbox 1441 1523 1547 1583; x_wconf 87' lang='lat' dir='ltr'>lectio-</span> 
     </span>
     <span class='ocr_line' id='line_1_11' title="bbox 452 1612 1547 1697; baseline 0 -20"><span class='ocrx_word' id='word_1_96' title='bbox 452 1637 532 1677; x_wconf 83' lang='lat' dir='ltr'>nem.</span> <span class='ocrx_word' id='word_1_97' title='bbox 546 1614 604 1677; x_wconf 85' lang='lat' dir='ltr'>Sed</span> <span class='ocrx_word' id='word_1_98' title='bbox 617 1615 667 1697; x_wconf 88' lang='lat' dir='ltr'>qui</span> <span class='ocrx_word' id='word_1_99' title='bbox 679 1627 755 1675; x_wconf 85' lang='lat' dir='ltr'>totus</span> <span class='ocrx_word' id='word_1_100' title='bbox 767 1636 832 1674; x_wconf 89' lang='lat' dir='ltr'>sum</span> <span class='ocrx_word' id='word_1_101' title='bbox 847 1614 877 1673; x_wconf 89' lang='lat' dir='ltr'>in</span> <span class='ocrx_word' id='word_1_102' title='bbox 891 1612 1023 1694; x_wconf 86' lang='lat' dir='ltr'>apicibus</span> <span class='ocrx_word' id='word_1_103' title='bbox 1038 1627 1068 1675; x_wconf 86' lang='lat' dir='ltr'>et</span> <span class='ocrx_word' id='word_1_104' title='bbox 1083 1615 1187 1677; x_wconf 64' lang='lat' dir='ltr'>calam</span> <span class='ocrx_word' id='word_1_105' title='bbox 1200 1616 1330 1696; x_wconf 78' lang='lat' dir='ltr'>lapsibus</span> <span class='ocrx_word' id='word_1_106' title='bbox 1344 1617 1488 1677; x_wconf 84' lang='lat' dir='ltr'>rimandis</span> <span class='ocrx_word' id='word_1_107' title='bbox 1502 1616 1547 1677; x_wconf 80' lang='lat' dir='ltr'>fn·</span> 
     </span>
     <span class='ocr_line' id='line_1_12' title="bbox 451 1708 1546 1794; baseline 0 -21"><span class='ocrx_word' id='word_1_108' title='bbox 451 1712 508 1773; x_wconf 85' lang='lat' dir='ltr'>cile</span> <span class='ocrx_word' id='word_1_109' title='bbox 518 1711 600 1793; x_wconf 88' lang='lat' dir='ltr'>potui</span> <span class='ocrx_word' id='word_1_110' title='bbox 614 1713 679 1771; x_wconf 89' lang='lat' dir='ltr'>sine</span> <span class='ocrx_word' id='word_1_111' title='bbox 691 1708 799 1775; x_wconf 72' lang='lat' dir='ltr'>auxilio</span> <span class='ocrx_word' id='word_1_112' title='bbox 813 1709 937 1788; x_wconf 68' lang='grc' dir='ltr'>δημώναξ</span> <span class='ocrx_word' id='word_1_113' title='bbox 951 1729 968 1767; x_wconf 88' lang='lat' dir='ltr'>e</span> <span class='ocrx_word' id='word_1_114' title='bbox 982 1709 1110 1791; x_wconf 76' lang='lat' dir='ltr'>vestigiis</span> <span class='ocrx_word' id='word_1_115' title='bbox 1123 1710 1284 1771; x_wconf 85' lang='lat' dir='ltr'>litterarum</span> <span class='ocrx_word' id='word_1_116' title='bbox 1295 1714 1456 1793; x_wconf 78' lang='lat' dir='ltr'>expiscari,</span> <span class='ocrx_word' id='word_1_117' title='bbox 1467 1714 1546 1794; x_wconf 88' lang='lat' dir='ltr'>quod</span> 
     </span>
     <span class='ocr_line' id='line_1_13' title="bbox 453 1798 1546 1885; baseline 0.002 -18"><span class='ocrx_word' id='word_1_118' title='bbox 453 1806 610 1869; x_wconf 79' lang='lat' dir='ltr'>siluissem</span> <span class='ocrx_word' id='word_1_119' title='bbox 626 1804 736 1867; x_wconf 82' lang='lat' dir='ltr'>lirratus</span> <span class='ocrx_word' id='word_1_120' title='bbox 749 1817 779 1865; x_wconf 88' lang='lat' dir='ltr'>et</span> <span class='ocrx_word' id='word_1_121' title='bbox 792 1805 821 1864; x_wconf 88' lang='lat' dir='ltr'>in</span> <span class='ocrx_word' id='word_1_122' title='bbox 844 1804 984 1885; x_wconf 85' lang='lat' dir='ltr'>reliquum</span> <span class='ocrx_word' id='word_1_123' title='bbox 1002 1798 1237 1866; x_wconf 73' lang='lat' dir='ltr'>emendationem</span> <span class='ocrx_word' id='word_1_124' title='bbox 1251 1807 1339 1866; x_wconf 89' lang='lat' dir='ltr'>simul</span> <span class='ocrx_word' id='word_1_125' title='bbox 1357 1807 1546 1870; x_wconf 81' lang='lat' dir='ltr'>involassent.</span> 
     </span>
     <span class='ocr_line' id='line_1_14' title="bbox 452 1899 1548 1983; baseline 0.002 -22"><span class='ocrx_word' id='word_1_126' title='bbox 452 1900 513 1963; x_wconf 78' lang='lat' dir='ltr'>Nec</span> <span class='ocrx_word' id='word_1_127' title='bbox 530 1900 625 1963; x_wconf 89' lang='lat' dir='ltr'>eidem</span> <span class='ocrx_word' id='word_1_128' title='bbox 638 1900 669 1962; x_wconf 88' lang='lat' dir='ltr'>d.</span> <span class='ocrx_word' id='word_1_129' title='bbox 684 1900 746 1959; x_wconf 87' lang='lat' dir='ltr'>viro</span> <span class='ocrx_word' id='word_1_130' title='bbox 756 1899 849 1959; x_wconf 86' lang='lat' dir='ltr'>debeo</span> <span class='ocrx_word' id='word_1_131' title='bbox 861 1899 1069 1959; x_wconf 80' lang='lat' dir='ltr'>correctionem</span> <span class='ocrx_word' id='word_1_132' title='bbox 1082 1902 1211 1961; x_wconf 75' lang='grc' dir='ltr'>ᾰικούσια</span> <span class='ocrx_word' id='word_1_133' title='bbox 1220 1922 1274 1983; x_wconf 89' lang='lat' dir='ltr'>pro</span> <span class='ocrx_word' id='word_1_134' title='bbox 1282 1904 1393 1962; x_wconf 77' lang='lat' dir='ltr'>sitarum</span> <span class='ocrx_word' id='word_1_135' title='bbox 1408 1924 1439 1965; x_wconf 80' lang='lat' dir='ltr'>v.</span> <span class='ocrx_word' id='word_1_136' title='bbox 1454 1904 1548 1975; x_wconf 80' lang='lat'><strong>1350,</strong></span> 
     </span>
     <span class='ocr_line' id='line_1_15' title="bbox 455 1993 1548 2074; baseline -0.001 -17"><span class='ocrx_word' id='word_1_137' title='bbox 455 2019 501 2057; x_wconf 74' lang='lat' dir='ltr'>«u</span> <span class='ocrx_word' id='word_1_138' title='bbox 523 1995 559 2059; x_wconf 87' lang='lat' dir='ltr'>B.</span> <span class='ocrx_word' id='word_1_139' title='bbox 575 1997 663 2055; x_wconf 69' lang='lat' dir='ltr'>etcum</span> <span class='ocrx_word' id='word_1_140' title='bbox 676 1995 707 2054; x_wconf 91' lang='lat' dir='ltr'>in</span> <span class='ocrx_word' id='word_1_141' title='bbox 721 1993 853 2054; x_wconf 83' lang='lat' dir='ltr'>ordinem</span> <span class='ocrx_word' id='word_1_142' title='bbox 875 2006 1021 2074; x_wconf 83' lang='lat' dir='ltr'>receptam</span> <span class='ocrx_word' id='word_1_143' title='bbox 1034 2018 1061 2055; x_wconf 76' lang='lat' dir='ltr'>a.</span> <span class='ocrx_word' id='word_1_144' title='bbox 1078 1994 1198 2057; x_wconf 77' lang='lat' dir='ltr'>Talibus</span> <span class='ocrx_word' id='word_1_145' title='bbox 1216 1996 1435 2058; x_wconf 86' lang='lat' dir='ltr'>inventionibus</span> <span class='ocrx_word' id='word_1_146' title='bbox 1449 2016 1548 2057; x_wconf 87' lang='lat' dir='ltr'>meum</span> 
     </span>
     <span class='ocr_line' id='line_1_16' title="bbox 454 2076 1550 2171; baseline 0.001 -23"><span class='ocrx_word' id='word_1_147' title='bbox 454 2109 507 2170; x_wconf 86' lang='lat' dir='ltr'>par</span> <span class='ocrx_word' id='word_1_148' title='bbox 517 2101 561 2149; x_wconf 85' lang='lat' dir='ltr'>est</span> <span class='ocrx_word' id='word_1_149' title='bbox 571 2089 764 2171; x_wconf 77' lang='lat' dir='ltr'>ingeniolum.</span> <span class='ocrx_word' id='word_1_150' title='bbox 780 2087 839 2163; x_wconf 90' lang='lat' dir='ltr'>Qui</span> <span class='ocrx_word' id='word_1_151' title='bbox 856 2108 921 2147; x_wconf 82' lang='lat' dir='ltr'>men</span> <span class='ocrx_word' id='word_1_152' title='bbox 934 2076 1036 2170; x_wconf 75' lang='lat' dir='ltr'>legunt</span> <span class='ocrx_word' id='word_1_153' title='bbox 1047 2132 1056 2164; x_wconf 88' lang='lat'>‚</span> <span class='ocrx_word' id='word_1_154' title='bbox 1067 2110 1127 2151; x_wconf 91' lang='lat' dir='ltr'>non</span> <span class='ocrx_word' id='word_1_155' title='bbox 1141 2089 1276 2150; x_wconf 85' lang='lat' dir='ltr'>nesciunt</span> <span class='ocrx_word' id='word_1_156' title='bbox 1287 2111 1374 2168; x_wconf 85' lang='lat' dir='ltr'>quam</span> <span class='ocrx_word' id='word_1_157' title='bbox 1387 2092 1443 2149; x_wconf 91' lang='lat' dir='ltr'>sim</span> <span class='ocrx_word' id='word_1_158' title='bbox 1459 2092 1492 2149; x_wconf 91' lang='lat' dir='ltr'>in</span> <span class='ocrx_word' id='word_1_159' title='bbox 1506 2092 1550 2150; x_wconf 90' lang='lat' dir='ltr'>ci·</span> 
     </span>
     <span class='ocr_line' id='line_1_17' title="bbox 453 2181 1550 2265; baseline 0.002 -22"><span class='ocrx_word' id='word_1_160' title='bbox 453 2183 550 2244; x_wconf 81' lang='lat' dir='ltr'>tondis</span> <span class='ocrx_word' id='word_1_161' title='bbox 563 2183 642 2243; x_wconf 86' lang='lat' dir='ltr'>unde</span> <span class='ocrx_word' id='word_1_162' title='bbox 656 2181 825 2264; x_wconf 83' lang='lat' dir='ltr'>profecerim</span> <span class='ocrx_word' id='word_1_163' title='bbox 839 2182 922 2241; x_wconf 92' lang='lat' dir='ltr'>libris</span> <span class='ocrx_word' id='word_1_164' title='bbox 937 2181 1070 2265; x_wconf 78' lang='lat' dir='ltr'>diligens.</span> <span class='ocrx_word' id='word_1_165' title='bbox 1088 2183 1147 2259; x_wconf 90' lang='lat' dir='ltr'>Qui</span> <span class='ocrx_word' id='word_1_166' title='bbox 1160 2205 1207 2244; x_wconf 89' lang='lat' dir='ltr'>me</span> <span class='ocrx_word' id='word_1_167' title='bbox 1220 2184 1340 2265; x_wconf 90' lang='lat' dir='ltr'>propius</span> <span class='ocrx_word' id='word_1_168' title='bbox 1356 2198 1486 2264; x_wconf 83' lang='lat' dir='ltr'>norunt,</span> <span class='ocrx_word' id='word_1_169' title='bbox 1496 2187 1550 2245; x_wconf 88' lang='lat' dir='ltr'>rite</span> 
     </span>
     <span class='ocr_line' id='line_1_18' title="bbox 453 2277 1551 2360; baseline 0 -21"><span class='ocrx_word' id='word_1_170' title='bbox 453 2290 634 2359; x_wconf 88' lang='lat' dir='ltr'>compertum</span> <span class='ocrx_word' id='word_1_171' title='bbox 644 2277 752 2339; x_wconf 83' lang='lat' dir='ltr'>babent</span> <span class='ocrx_word' id='word_1_172' title='bbox 760 2277 847 2336; x_wconf 89' lang='lat' dir='ltr'>malle</span> <span class='ocrx_word' id='word_1_173' title='bbox 858 2299 905 2337; x_wconf 89' lang='lat' dir='ltr'>me</span> <span class='ocrx_word' id='word_1_174' title='bbox 912 2277 943 2337; x_wconf 91' lang='lat' dir='ltr'>in</span> <span class='ocrx_word' id='word_1_175' title='bbox 953 2298 1019 2337; x_wconf 90' lang='lat' dir='ltr'>meo</span> <span class='ocrx_word' id='word_1_176' title='bbox 1025 2300 1087 2339; x_wconf 88' lang='lat' dir='ltr'>esse</span> <span class='ocrx_word' id='word_1_177' title='bbox 1094 2298 1149 2338; x_wconf 81' lang='lat' dir='ltr'>aere</span> <span class='ocrx_word' id='word_1_178' title='bbox 1156 2280 1372 2360; x_wconf 86' lang='lat' dir='ltr'>pauperrimum</span> <span class='ocrx_word' id='word_1_179' title='bbox 1380 2278 1551 2359; x_wconf 83' lang='lat' dir='ltr'>quom-dolo</span> 
     </span>
     <span class='ocr_line' id='line_1_19' title="bbox 454 2372 1549 2456; baseline 0.002 -23"><span class='ocrx_word' id='word_1_180' title='bbox 454 2375 532 2433; x_wconf 81' lang='lat' dir='ltr'>molo</span> <span class='ocrx_word' id='word_1_181' title='bbox 551 2372 697 2435; x_wconf 77' lang='lat' dir='ltr'>ditescere.</span> <span class='ocrx_word' id='word_1_182' title='bbox 716 2373 774 2434; x_wconf 90' lang='lat' dir='ltr'>Sed</span> <span class='ocrx_word' id='word_1_183' title='bbox 790 2393 875 2433; x_wconf 72' lang='lat' dir='ltr'>nureo</span> <span class='ocrx_word' id='word_1_184' title='bbox 888 2373 1061 2456; x_wconf 87' lang='lat' dir='ltr'>plerumque</span> <span class='ocrx_word' id='word_1_185' title='bbox 1077 2374 1246 2435; x_wconf 89' lang='lat' dir='ltr'>criticorum</span> <span class='ocrx_word' id='word_1_186' title='bbox 1265 2374 1433 2435; x_wconf 80' lang='lat' dir='ltr'>recentibus</span> <span class='ocrx_word' id='word_1_187' title='bbox 1450 2375 1549 2449; x_wconf 89' lang='lat' dir='ltr'>libris,</span> 
     </span>
     <span class='ocr_line' id='line_1_20' title="bbox 456 2462 1550 2551; baseline 0.002 -22"><span class='ocrx_word' id='word_1_188' title='bbox 456 2470 540 2529; x_wconf 83' lang='lat' dir='ltr'>novis</span> <span class='ocrx_word' id='word_1_189' title='bbox 553 2469 728 2531; x_wconf 88' lang='lat' dir='ltr'>editionibus</span> <span class='ocrx_word' id='word_1_190' title='bbox 742 2469 790 2528; x_wconf 91' lang='lat' dir='ltr'>vel</span> <span class='ocrx_word' id='word_1_191' title='bbox 803 2469 932 2549; x_wconf 87' lang='lat' dir='ltr'>optimis.</span> <span class='ocrx_word' id='word_1_192' title='bbox 946 2469 1047 2531; x_wconf 74' lang='lat' dir='ltr'>Mulie</span> <span class='ocrx_word' id='word_1_193' title='bbox 1060 2482 1128 2532; x_wconf 89' lang='lat' dir='ltr'>sunt</span> <span class='ocrx_word' id='word_1_194' title='bbox 1139 2489 1191 2551; x_wconf 79' lang='lat' dir='ltr'>per</span> <span class='ocrx_word' id='word_1_195' title='bbox 1206 2471 1312 2529; x_wconf 80' lang='lat' dir='ltr'>multus</span> <span class='ocrx_word' id='word_1_196' title='bbox 1328 2462 1550 2551; x_wconf 74' lang='lat' dir='ltr'>ephemerides,</span> 
     </span>
     <span class='ocr_line' id='line_1_21' title="bbox 455 2564 1552 2647; baseline 0.003 -24"><span class='ocrx_word' id='word_1_197' title='bbox 455 2586 509 2645; x_wconf 87' lang='lat' dir='ltr'>pcr</span> <span class='ocrx_word' id='word_1_198' title='bbox 521 2565 623 2626; x_wconf 77' lang='lat' dir='ltr'>boues</span> <span class='ocrx_word' id='word_1_199' title='bbox 644 2564 737 2625; x_wconf 85' lang='lat' dir='ltr'>multo</span> <span class='ocrx_word' id='word_1_200' title='bbox 756 2564 890 2644; x_wconf 81' lang='lat' dir='ltr'>disperare</span> <span class='ocrx_word' id='word_1_201' title='bbox 909 2565 1056 2639; x_wconf 73' lang='lat' dir='ltr'>diatribae,</span> <span class='ocrx_word' id='word_1_202' title='bbox 1070 2586 1142 2646; x_wconf 80' lang='lat' dir='ltr'>quus</span> <span class='ocrx_word' id='word_1_203' title='bbox 1162 2586 1217 2625; x_wconf 90' lang='lat' dir='ltr'>nec</span> <span class='ocrx_word' id='word_1_204' title='bbox 1232 2565 1292 2626; x_wconf 85' lang='lat' dir='ltr'>vidi</span> <span class='ocrx_word' id='word_1_205' title='bbox 1310 2586 1406 2646; x_wconf 90' lang='lat' dir='ltr'>neque</span> <span class='ocrx_word' id='word_1_206' title='bbox 1419 2588 1552 2647; x_wconf 85' lang='lat' dir='ltr'>unquam</span> 
     </span>
     <span class='ocr_line' id='line_1_22' title="bbox 456 2659 1553 2741; baseline 0.003 -23"><span class='ocrx_word' id='word_1_207' title='bbox 456 2659 577 2732; x_wconf 80' lang='lat' dir='ltr'>ridebo;</span> <span class='ocrx_word' id='word_1_208' title='bbox 592 2661 660 2740; x_wconf 84' lang='lat' dir='ltr'>justi</span> <span class='ocrx_word' id='word_1_209' title='bbox 676 2682 792 2741; x_wconf 83' lang='lat' dir='ltr'>quoquc</span> <span class='ocrx_word' id='word_1_210' title='bbox 809 2660 894 2732; x_wconf 89' lang='lat' dir='ltr'>libri,</span> <span class='ocrx_word' id='word_1_211' title='bbox 914 2660 992 2740; x_wconf 89' lang='lat' dir='ltr'>iique</span> <span class='ocrx_word' id='word_1_212' title='bbox 1009 2683 1069 2721; x_wconf 89' lang='lat' dir='ltr'>non</span> <span class='ocrx_word' id='word_1_213' title='bbox 1089 2660 1192 2741; x_wconf 81' lang='lat' dir='ltr'>pauci,</span> <span class='ocrx_word' id='word_1_214' title='bbox 1215 2661 1263 2721; x_wconf 84' lang='lat' dir='ltr'>vix</span> <span class='ocrx_word' id='word_1_215' title='bbox 1283 2661 1358 2720; x_wconf 86' lang='lat' dir='ltr'>mibi</span> <span class='ocrx_word' id='word_1_216' title='bbox 1377 2674 1449 2726; x_wconf 82' lang='lat' dir='ltr'>sunt</span> <span class='ocrx_word' id='word_1_217' title='bbox 1468 2662 1553 2723; x_wconf 88' lang='lat' dir='ltr'>titulo</span> 
     </span>
     <span class='ocr_line' id='line_1_23' title="bbox 458 2756 755 2843; baseline -0.007 -27"><span class='ocrx_word' id='word_1_218' title='bbox 458 2770 542 2817; x_wconf 88' lang='lat' dir='ltr'>tenus</span> <span class='ocrx_word' id='word_1_219' title='bbox 556 2756 675 2837; x_wconf 79' lang='lat' dir='ltr'>cogniti.</span> <span class='ocrx_word' id='word_1_220' title='bbox 747 2830 755 2843; x_wconf 45' lang='grc' dir='ltr'>Ι</span> 
     </span>
    </p>
   </div>
   <div class='ocr_carea' id='block_1_5' title="bbox 0 0 1871 5659">
    <p class='ocr_par' dir='ltr' id='par_1_5' title="bbox 0 0 1871 5659">
     <span class='ocr_line' id='line_1_24' title="bbox 0 0 1871 5659; baseline 0 0"><span class='ocrx_word' id='word_1_221' title='bbox 0 0 1871 5659; x_wconf 95' lang='lat' dir='ltr'> </span> 
     </span>
    </p>
   </div>
  </div>
 </body>
</html>
