3684 5659
441 619 489 691 66
784 626 818 684 r.
846 624 920 684 ror
945 594 1201 685 naxrnnrorr

442 761 611 828 ἀντιπάλων
633 763 739 844 ναυσί,
766 766 852 825 τοῦτο
874 759 927 847 μὲν
952 756 1297 852 ἀποκαραδοκησαντες,
1323 758 1393 824 ὅσον
1417 764 1461 836 εἰς
1481 763 1538 833 τὴν,

442 875 522 938 κατὰ
545 881 603 937 τῶν
625 879 702 942 νηῶν
728 871 931 962 ἐπιχείρησιν,
956 875 1044 934 τοῦτο
1070 866 1103 934 δὲ
1128 872 1180 935 καί
1205 865 1360 945 δείσαντες
1381 873 1448 963 περί
1472 883 1536 948 τοῖς

442 984 545 1068 ἐκτός,
562 981 761 1048 άποθαίνουσι
774 983 855 1046 κατὰ
868 990 942 1071 γῆν,
962 983 1015 1045 καί
1030 985 1073 1056 εἰς
1088 984 1191 1068 μάχην
1204 981 1354 1073 κραταιάν
1369 985 1536 1073 παρατάτ-

441 1119 556 1159 τονται.
578 1096 636 1157 Καὶ
654 1094 720 1157 τότε
738 1093 764 1156 οἱ
790 1091 861 1156 καθ’
882 1095 963 1178 ἡμεῖς
980 1088 1172 1182 Ιοἰνδρίζουται
1189 1091 1293 1174 πλέον,
1313 1090 1364 1155 τὸν
1381 1100 1441 1156 τῶν
1457 1102 1535 1163 νηῶν

442 1203 618 1290 ἀποθέμενοι
631 1201 737 1290 po'ssory
758 1204 828 1286 καί,
851 1200 946 1291 ὥςπερ
964 1197 994 1275 ἐξ
1013 1199 1075 1275 ἑνός
1092 1196 1311 1291 συνδραμόντες
1329 1201 1535 1289 συνθιίμοετοςι

442 1315 493 1378 καί
518 1315 697 1394 συστάντες,
721 1308 837 1386 ἔδειξαν
857 1316 937 1385 ὄντες
960 1310 1098 1394 πολῖται,
1119 1311 1172 1375 καί
1192 1313 1291 1374 θανεῖν
1307 1309 1379 1404 ὑπὲρ
1397 1319 1451 1387 τῆς
1468 1336 1536 1376 πα-

441 1419 542 1516 τρίδος
560 1419 622 1487 δεῖν
639 1420 796 1513 ἡγούμενοι
814 1419 956 1496 ἕκαστος.
976 1424 1034 1484 Καί
1051 1420 1206 1511 τρέπονται
1223 1419 1275 1507 μὲν
1291 1421 1360 1497 τοῦς
1374 1421 1536 1510 πολεμίους

442 1533 571 1617 αὐτίκα,
588 1533 746 1607 πλείστους
761 1527 794 1596 δὲ
809 1529 1056 1614 καταθάλλουσι,
1076 1533 1148 1614 καί,
1168 1533 1249 1596 κατὰ
1266 1534 1377 1622 κράτος
1392 1535 1538 1603 νικήσαν-

441 1668 507 1728 τες,
530 1644 715 1734 ἐλευθεροῦσι
736 1640 788 1729 μὲν
805 1649 864 1705 τῶν
883 1635 987 1704 δεινῶν
1005 1642 1060 1716 τόις
1080 1642 1202 1732 χώρας,
1224 1641 1410 1732 ἐλευθεροῦσι
1430 1638 1465 1708 δὲ
1482 1647 1535 1708 καί

441 1757 493 1826 τὴν
510 1750 644 1844 πατρίδα
660 1761 718 1817 τῶν
735 1748 899 1842 δυςχερῶν.
919 1753 978 1814 Καὶ
997 1757 1047 1814 νῦν
1065 1751 1130 1817 ὅσοι
1148 1753 1201 1822 τὴν
1218 1754 1335 1823 σπάθην
1351 1752 1537 1844 πεφεύγασιν

443 1865 472 1929 ἐν
495 1866 627 1955 εἱρκταῖς
649 1865 707 1927 είσί
729 1864 781 1926 καί
806 1857 947 1947 δεσμοῖς,
971 1862 1022 1924 καί
1044 1857 1110 1924 οῦδ’
1126 1861 1257 1952 ἄγγελος
1275 1865 1347 1950 ἔσχε
1364 1873 1429 1938 τοῖς
1447 1859 1536 1939 ἰδίοις

441 1969 663 2043 ἀνασωθῆναι’.
677 1955 703 2035 ii
719 1967 753 2036 δὲ
769 1970 855 2046 πόλις
870 1972 900 2035 ἐν
916 1965 1008 2054 ἀδείᾳ
1025 1974 1109 2060 πάσῃ
1126 1973 1178 2035 καί
1197 1971 1349 2062 ἐλευθερία
1367 1976 1419 2038 καί
1435 1977 1535 2063 θυμη-

441 2080 512 2168 δίᾳ,
533 2086 585 2148 καί
609 2086 768 2170 πανταχοῦ
789 2079 841 2167 μὲν
862 2083 964 2145 θυσίαι
984 2083 1062 2156 θεοῖς
1078 2084 1130 2146 καί
1149 2078 1302 2166 παιᾶνες’,
1322 2089 1483 2172 πανταχοῦ
1500 2080 1535 2151 δὲ

441 2197 521 2286 νόον
537 2202 580 2280 τῷ
599 2199 773 2285 “refrte

490 2301 602 2384 Μόνος*
619 2300 649 2368 δ’
671 2295 773 2387 οῦτος,
801 2302 855 2368 οῦκ
877 2298 950 2368 οἶδα
968 2305 997 2366 τί
1012 2304 1133 2386 παθών,
1153 2305 1227 2394 πρὸς
1242 2305 1296 2374 τὴν
1315 2307 1398 2376 νίκην
1420 2302 1536 2395 δυςχε-

474 2489 482 2516 '
495 2489 594 2554 Proprie
609 2503 637 2538 ac
649 2487 764 2537 translate
774 2487 863 2536 dicitur
872 2489 897 2549 ἐξ
911 2490 973 2546 ἑνός,
1002 2491 1131 2551 λεγόμενον,
1144 2489 1204 2551 μηδὲ
1218 2489 1314 2551 ἄγγελον
1330 2491 1362 2545 εἰς
1379 2496 1422 2545 τήν
1434 2495 1534 2558 Καρχη-

441 2569 478 2618 vei
502 2571 549 2619 ἀπὸ
578 2571 625 2624 ἑνὸς
649 2571 807 2630 συνθήματος,
831 2576 858 2614 ut
874 2565 974 2615 latinum
1002 2568 1056 2616 δόνα
1089 2567 1239 2623 διασωθῆναι.
1271 2566 1382 2632 Tentyris
1407 2567 1538 2618 Persarum

442 2668 453 2691 ι
463 2646 520 2701 dato
529 2647 597 2710 signo
607 2665 628 2694 ν,
639 2645 707 2694 Phiio
716 2641 824 2708 Legat.§
834 2645 865 2691 32
879 2665 885 2690 ι
900 2645 975 2710 ὥςπερ
1002 2659 1029 2692 cc
1041 2644 1179 2693 milliacum
1190 2644 1244 2708 ipso
1255 2659 1312 2709 rege
1321 2643 1386 2710 Cyro
1394 2646 1535 2704 trucidavie

441 2729 480 2795 ἀρ’
491 2730 538 2783 ἐνὸς
551 2728 696 2786 συνθήματος
710 2726 889 2785 συνταξάμενοι.
907 2721 974 2769 Dici·
1003 2721 1049 2768 sin
1064 2736 1111 2785 qua
1122 2721 1223 2770 victoria
1237 2739 1249 2765 ν
1261 2722 1368 2771 lustinus
1380 2723 1413 2772 ait
1426 2728 1447 2783 1,
1457 2727 1483 2773 8.
1496 2727 1535 2780 12,

441 2815 479 2853 tin·
487 2813 512 2852 et
522 2802 575 2851 sine
588 2805 644 2856 ἑνός.
652 2799 811 2848 Philostratus
823 2798 881 2846 Her.
894 2799 959 2862 pet
967 2817 973 2846 :
1003 2797 1097 2846 «etiam
1114 2796 1174 2846 iliud
1187 2797 1345 2848 memorabile
1358 2800 1415 2859 tuit,
1427 2802 1495 2868 quod
1505 2818 1536 2851 ne

441 2883 515 2946 ὥςπερ
526 2882 572 2930 ἀπὸ
586 2883 739 2941 ξυνθήματος
755 2887 780 2925 et
796 2876 829 2924 ita
845 2877 974 2924 dristaene-
1002 2876 1098 2924 nuntius
1107 2875 1204 2940 quidem
1217 2886 1289 2925 tantae
1299 2877 1375 2926 eladis
1384 2880 1535 2943 superfuit».

442 2973 494 3017 tus.
519 2965 545 3014 t,
571 2959 600 3016 θ;
620 2955 762 3004 Theodorus
783 2953 894 3018 Hymen,
922 2953 973 3001 alii.
1002 2951 1082 3002 Volsci
1093 2953 1157 3018 apud
1171 2954 1402 3013 Livium,t,te,a
1418 2958 1535 3008 Tuscula·

441 3037 503 3086 Vide
520 3053 573 3102 quae
586 3034 697 3084 annotavi
710 3019 742 3081 ad
752 3031 862 3079 Aristaen.
878 3047 902 3094 p.
915 3033 975 3091 350,
1002 3030 1039 3078 nis
1052 3033 1161 3096 oppressi
1177 3031 1259 3092 inere,
1278 3034 1341 3082 «rix
1358 3035 1448 3085 nuntiis
1463 3036 1537 3086 eredis

442 3117 472 3166 ad
496 3114 586 3164 Anecd.
605 3113 647 3162 Gr.
666 3122 682 3160 t.
708 3111 755 3166 iil,
775 3126 801 3175 p.
819 3111 865 3168 663
881 3109 975 3158 collatis
1001 3108 1134 3158 relictis».
1155 3109 1310 3160 Mamertinus
1333 3112 1422 3177 Paneg.
1442 3117 1473 3174 5,
1493 3115 1506 3162 i
1527 3137 1534 3164 :

441 3193 539 3243 Burdel.
559 3193 590 3242 ad
607 3190 703 3240 Heliod.
723 3205 748 3253 p.
773 3190 819 3246 θῖ;
837 3186 925 3236 Jacobs
944 3186 975 3235 ad
1004 3187 1113 3235 «Cuncti
1138 3187 1319 3239 Chaibones....
1338 3199 1403 3240 tanta
1425 3193 1536 3241 interue-

442 3272 555 3322 Philostr.
567 3287 593 3335 p.
606 3270 668 3320 499;
678 3268 774 3317 δίοποι.
786 3267 816 3315 ad
828 3265 900 3330 Grog.
916 3266 974 3314 Nar.
1003 3266 1074 3314 eione
1090 3266 1145 3314 eresi
1164 3267 1333 3332 interfectique
1354 3279 1427 3329 sunt,
1444 3281 1472 3319 ut
1489 3287 1537 3320 ex-

441 3351 587 3407 Gaesarium‚
600 3366 626 3412 p.
640 3349 681 3397 ⁹25.
1002 3343 1103 3391 stinctos
1115 3359 1157 3392 eos
1170 3343 1261 3392 relictis
1272 3345 1337 3394 domi
1353 3345 1497 3412 conjugibus
1508 3366 1537 3398 ae

474 3427 484 3454 ¹
495 3429 530 3478 Ne
546 3429 654 3477 nuntium
667 3423 764 3491 quidem
783 3437 912 3487 superesse
925 3442 976 3470 πα-
1003 3420 1119 3470 matribus
1130 3438 1177 3471 non
1188 3423 1304 3487 profugus
1313 3424 1401 3489 aliquis
1412 3442 1426 3475 o
1436 3429 1535 3492 proeiio,

440 3508 563 3576 ροιμιώδίς
576 3509 648 3564 ἐστιν,
667 3511 782 3554 monente
799 3499 926 3549 Eustathio
944 3499 976 3548 ad
1003 3499 1047 3547 sed
1059 3500 1167 3548 victorie
1179 3510 1226 3549 tuae
1240 3500 1317 3565 gloria
1328 3503 1450 3554 nuntiaret
1463 3522 1486 3551 ν.
1500 3506 1536 3554 Ad

441 3589 471 3638 li.
489 3589 532 3644 19,
547 3585 688 3634 ’ίθεθῦκέτ’
701 3582 776 3630 ἔπειτ’
788 3581 830 3629 θίω
843 3579 890 3628 οὐδ’
901 3579 977 3641 ἄγχε-
1004 3594 1075 3642 quem
1093 3579 1172 3628 iocum
1193 3581 1225 3629 ci.
1243 3579 1371 3644 Wyttenb.
1390 3582 1453 3632 Bibi.
1474 3583 1536 3632 crit.

441 3671 479 3716 λον
499 3666 635 3714 ἀπονέεσθαι
649 3657 763 3728 idapem.
780 3657 841 3707 Vide
858 3655 975 3721 Stephani
1004 3666 1021 3704 t.
1042 3657 1079 3715 11,
1092 3674 1118 3719 p.
1135 3659 1173 3705 19.
1186 3657 1256 3707 Adde
1277 3659 1382 3708 Wessei.
1395 3659 1426 3709 ad
1444 3661 1536 3711 Herod.

441 3744 592 3793 Thesaurum
619 3740 674 3789 Did.
709 3737 753 3787 sub
781 3733 882 3799 Ἀγγελος
910 3744 973 3783 extr.
1004 3739 1034 3793 8,
1050 3739 1186 3799 638ehott.
1199 3741 1229 3788 ad
1244 3739 1344 3788 Zenobii
1356 3740 1491 3805 Adagium,
1506 3742 1537 3797 5,

441 3818 618 3877 Amazonibus,
631 3833 684 3883 quae
705 3816 809 3864 Atticam
824 3815 976 3871 invaserant,
1003 3815 1034 3864 st
1044 3855 1050 3872 ,
1061 3817 1113 3866 οῦδὲ
1122 3823 1238 3885 πυρρόρος
1250 3819 1342 3886 ἐλιίρθη
1353 3817 1419 3882 quod
1430 3817 1489 3868 huie
1502 3819 1538 3868 si-

441 3900 481 3951 οῦκ
506 3901 632 3960 ἐξεγένετο,
661 3894 744 3958 Lysias
773 3891 805 3939 ait
827 3890 975 3956 Epitaphio,
1002 3895 1060 3943 mile
1075 3905 1124 3950 est.
1144 3895 1238 3961 fuitque
1256 3912 1270 3944 a
1290 3909 1330 3944 me
1350 3896 1497 3945 illustratum
1513 3896 1539 3945 in

441 3996 467 4045 p.
481 3979 544 4033 968,
559 3974 608 4025 οὔδ’
630 3972 709 4023 οἴκαδε
726 3972 880 4025 ἀπελθούσαις
893 3971 977 4031 &irap-
1003 3973 1078 4023 Notit.
1093 3973 1175 4023 Manu,
1188 3984 1205 4023 t,
1217 3973 1253 4026 ll,
1267 3991 1292 4038 p.
1309 3976 1363 4023 113,

442 4062 518 4122 patiar
533 4063 574 4112 τήν
592 4073 618 4104 τε
632 4052 709 4102 αὐτῶν
728 4051 854 4112 δυςτυχίαν
875 4053 914 4096 καὶ
935 4056 976 4104 τὴν
1036 4049 1132 4105 ³C0d..
1146 4057 1253 4108 παιάνες.
1267 4052 1297 4099 Et
1316 4051 1352 4099 sic
1366 4049 1469 4099 exordio
1489 4051 1539 4100 De·

441 4149 487 4187 τῶν
505 4141 623 4204 ἡμετέρων
641 4136 759 4202 προγόνων
783 4131 875 4197 ἀρετ-όν·
904 4125 977 4176 αῦτοῦ
1003 4127 1154 4177 clamatione
1174 4128 1232 4185 Vli,
1254 4129 1308 4177 ioco
1328 4127 1493 4185 conferend03
1514 4139 1539 4177 et

441 4224 488 4283 γὰρ
506 4219 664 4267 ἀποθανοῦσαι
686 4217 725 4261 καί
750 4211 830 4258 δοῦσαι
853 4209 918 4262 δίκην
937 4216 977 4261 τῆς
1004 4203 1070 4252 aiibi.
1091 4205 1188 4269 Respiei
1208 4205 1304 4254 videtur
1325 4203 1415 4268 oedipi
1433 4203 1464 4252 Τ.
1490 4205 1539 4252 ini·

443 4297 561 4349 ανοίας....
576 4291 663 4340 Narrat
677 4288 796 4337 Diodorus
807 4286 847 4336 Sin
870 4288 914 4340 ll,
930 4285 975 4340 23,
1003 4281 1062 4330 tium
1081 4302 1087 4330 :
1107 4287 1174 4338 Πόλις
1195 4284 1215 4330 δ’
1233 4283 1291 4346 ὅμου
1311 4288 1353 4345 μὲν
1382 4286 1539 4346 θυμιαμάτων

442 4369 560 4420 Gelonem
583 4365 818 4429 Carthaginiensium
844 4361 977 4412 exercitum
1003 4361 1166 4424 χὲμιε,”ομον
1178 4361 1204 4409 δὲ
1217 4366 1332 4409 παιάνων.

442 4449 473 4499 ad
483 4444 673 4497 internecionem
688 4443 824 4495 delevisse,
840 4448 894 4498 καί,
908 4446 935 4489 τὸ
947 4439 977 4493 δὴ
1039 4434 1154 4486 *θολολι
1168 4441 1280 4502 προθείη.
