3684 5659
438 593 506 663 i¹i8
772 602 807 660 Γ.
833 600 906 660 ΤΟΥ
932 597 1187 660 ΠΑΧΥΜΕΡΟΥΣ

434 737 475 810 ὡς
492 735 611 810 πολλοῖς
630 736 808 825 άριστεύσαι
826 735 877 798 καί
897 734 957 798 άπὸ
977 732 1092 824 πύργου
1110 731 1237 811 συνέθη,
1257 735 1309 796 καὶ
1329 733 1433 800 πολλοὶ
1454 731 1529 811 ξένοι

433 847 574 933 τυχόντες
592 830 750 935 ὠφέλησαν
771 843 841 920 τοὺς
858 843 1059 932 αὐτόχθονας·

485 982 499 1014 κ
509 954 602 1021 Λάθω
619 959 659 1021 τὰ
673 955 751 1022 ὅπλα
763 956 867 1046 κάγῶ·
884 955 1102 1043 καταλήψομαι
1119 954 1208 1020 τόπον
1220 946 1254 1020 ού
1264 955 1357 1022 καλὸν
1368 956 1528 1023 ἵστασθαι.

434 1065 635 1133 Κατοπτεύσω
658 1066 710 1155 μὲν
727 1066 781 1131 σὺν
801 1076 864 1142 τοῖς
886 1066 989 1142 ἄλλοις
1011 1067 1060 1131 τὸν
1082 1066 1229 1153 πόλεμον,
1254 1062 1312 1132 ίδω
1335 1068 1389 1138 τήν
1410 1071 1528 1157 μάχην.
1574 1098 1577 1105 ’

413 1180 499 1243 -Κόιν
516 1178 640 1243 κλίνωσι
658 1179 731 1270 πρὸς
745 1180 827 1265 ἡμᾶς
845 1177 871 1242 οἱ
889 1185 943 1253 τῆς
960 1176 1092 1260 πόλεως,
1111 1185 1180 1252 ταῖς
1197 1186 1310 1268 φωναῖς
1327 1176 1528 1270 ἐπιθαῤῥυνῶ.

437 1290 621 1376 Φαινόμενος
645 1293 757 1355 ἄνωθεν
764 1337 775 1376 ,
795 1287 943 1378 αἰσχύνην
960 1286 1082 1375 ἐμθαλῶ
1099 1287 1235 1373 τούτοις,
1255 1291 1295 1365 ὡς
1314 1294 1349 1354 τό
1366 1291 1465 1375 εἰκός,
1485 1294 1529 1375 εί,

435 1397 515 1476 ξένος
544 1399 584 1464 ὢν
609 1398 669 1490 ἐγὼ
693 1401 745 1464 καί
773 1394 867 1487 μηθὲν
889 1401 1046 1490 προςήκων
1063 1408 1105 1510 γῇ
1133 1400 1237 1484 πόλει,
1264 1401 1439 1492 παρακαλῶ
1461 1401 1532 1479 τοὺς

435 1511 561 1587 πολίτας
577 1513 715 1607 περὶτῆς
733 1510 848 1576 ἑαυτῶν
864 1513 1034 1598 μάχεσθαι.
1055 1512 1097 1574 Αν
1114 1509 1244 1586 ἐκείνους
1263 1502 1345 1576 ούτοι
1362 1513 1529 1598 ὠθοῦνται,

437 1631 499 1697 τοῖς
511 1619 780 1714 παρακλιοτιορίοις1
790 1624 901 1708 ἄνωθεν
916 1620 1078 1711 ένισχύσω·
1094 1625 1160 1687 καί·
1179 1647 1193 1680 ι(
1206 1614 1249 1686 Εὖ
1262 1647 1297 1714 γε
1310 1621 1392 1710 ύμῖν,
1407 1648 1423 1681 ν
1438 1631 1539 1708 εἴπω,

434 1725 467 1797 εὖ
481 1757 534 1824 γε,
553 1733 675 1798 πολῖται
693 1742 746 1810 τῆς
762 1733 893 1808 πόλεως·
918 1732 972 1797 οὐκ
986 1739 1057 1798 οίνευ
1072 1736 1186 1798 θεατῶν
1204 1736 1357 1822 μάχεσθε·
1378 1734 1412 1799 τὸ
1429 1743 1532 1825 τεῖχος

435 1845 519 1933 γέμει
545 1852 603 1908 τῶν
623 1847 752 1909 θεατῶν·
774 1848 907 1936 ἀμῶνται
928 1846 979 1909 καί
1002 1853 1145 1935 γυναῖκες
1162 1842 1234 1935 ὑπὲρ
1252 1842 1334 1932 ὑμῶν
1355 1854 1420 1921 τοῖς
1437 1847 1529 1924 θεοῖς.

435 1958 472 2019 Εἰ
491 1951 525 2019 oi
542 1956 593 2018 καί
613 1956 686 2047 πρὸς
705 1951 898 2030 ἀλλοδαποὺς
915 1957 1098 2045 ρημίζεσθαι
1115 1954 1227 2039 θέλετε,
1245 1945 1331 2031 ούτος
1348 1954 1407 2046 ἐγὼ
1419 1955 1533 2044 νύνμὲν

436 2067 563 2144 θεατής,
583 2064 742 2153 μετέπειτα
760 2061 793 2130 θέ
811 2067 862 2130 καί
881 2062 992 2157 κήρνξ,
1013 2061 1100 2148 ἐθῶν,
1117 2065 1171 2130 οὐκ
1188 2063 1354 2150 ἀκούσας’,
1374 2068 1418 2142 ,εἰς
1433 2067 1534 2133 ἅπαν·

435 2201 491 2251 τας
508 2173 585 2241 ούτω
602 2173 736 2268 πράξωθ,
759 2174 835 2242 ούτω
853 2176 923 2254 τοὺς
939 2175 1051 2252 καλοὺς
1068 2177 1195 2253 πολίτας
1211 2185 1265 2253 τῆς
1281 2173 1379 2254 ξενίας
1396 2177 1538 2266 ἀμείψοε.

435 2313 505 2374 μαι.
534 2290 570 2351 Εἰ
598 2283 631 2352 θέ
652 2290 704 2353 καί
731 2289 796 2364 θεὸς
819 2290 877 2353 άνόι
900 2298 1007 2379 χεῖρας
1026 2291 1111 2360 θήσει
1133 2297 1192 2354 τῶν
1208 2288 1357 2376 πολεμίων
1373 2292 1459 2375 τινά,
1479 2292 1531 2357 καί

436 2395 549 2483 μᾶλλον
566 2398 615 2462 τὸν
633 2394 841 2489 ἐξηγούμενον,
861 2401 951 2464 τούτό
967 2425 1018 2488 μοι
1038 2398 1161 2484 εὐκτόν,
1175 2400 1226 2464 καί
1250 2394 1346 2492 δῶρον
1367 2397 1464 2488 τύχης
1479 2407 1534 2476 τῆς

436 2507 508 2596 ἐμὴς
529 2505 671 2585 ’ξενιτείας
692 2506 825 2587 ἐπάξιον.
852 2489 997 2602 ίλρελήσω
1022 2511 1075 2581 τὴν
1100 2510 1203 2594 πόλιν,
1226 2505 1314 2574 οἶδα·
1339 2512 1459 2598 τιμήσω
1479 2511 1532 2576 καί

435 2621 488 2690 τὴν
508 2616 684 2708 ἡμεθαπίιν,
706 2624 758 2686 καὶ
783 2619 863 2698 ξένος
887 2622 927 2687 ῶν
949 2622 1010 2686 ἐκεῖ
1030 2624 1273 2711 φημισθήσομαι.
1297 2622 1356 2685 Καί
1379 2619 1457 2693 άλλη
1480 2619 1534 2709 μέν

436 2730 505 2806 τούς
532 2731 638 2807 πόνους
664 2735 845 2822 καρπίσεται
868 2731 938 2808 τοὺς
963 2730 1071 2819 ε’μούς,
1098 2734 1117 2804 ἡ
1141 2728 1171 2796 θ’
1197 2730 1253 2819 ἐμὴ
1280 2732 1408 2822 πατρίς,
1436 2729 1533 2822 ῶςπερ
1580 2815 1582 2819 Ι

437 2839 514 2910 αὐτὴ
538 2843 679 2905 παθοῦσα
700 2841 825 2926 καλῶς,
852 2841 1013 2932 μεγαλυνεῖ
1038 2843 1088 2907 τόν
1111 2841 1158 2907 ἐπ’
1185 2838 1361 2917 ἀλλοδαπῆς
1388 2841 1533 2933 άριστεύ·

438 2974 537 3016 σαντα
556 2976 584 3013 υ.

489 3067 593 3127 Ταῦτα
616 3062 831 3154 λογισάμενος,
856 3063 941 3139 εὐθύς
959 3056 1083 3155 (ἤπειγε
1100 3066 1160 3156 γάρ
1180 3066 1232 3129 καὶ
1253 3065 1268 3129 ὃ
1285 3072 1344 3130 τῶν
1362 3062 1533 3150 πολεμούν-

438 3198 496 3238 των
518 3167 675 3265 τάραχος)
698 3175 757 3265 ὁρῶ
781 3175 880 3264 θέαμα
898 3171 993 3240 δεινὸν
1011 3178 1062 3240 καὶ
1082 3176 1218 3261 ἐλεεινόν,
1241 3171 1366 3268 ἄνδρες,
1390 3173 1461 3251 τοὺς
1481 3172 1535 3263 μὲν

438 3281 595 3375 ὑμετέρους
614 3285 818 3374 ἡττωμένους,
839 3288 890 3350 καὶ
911 3289 996 3379 παρά
1013 3292 1155 3352 τοσοῦτον
1173 3288 1214 3375 μὴ
1231 3286 1329 3351 τέλεον
1348 3288 1531 3370 πίπτοντας,

437 3395 510 3488 παρ’
525 3396 609 3475 όσον,
628 3399 661 3464 τὸ
675 3407 755 3463 νῶτα
769 3394 865 3475 δεῖξαι
883 3408 946 3474 τοῖς
962 3399 1115 3486 πολεμίοις
1132 3400 1261 3491 αἰσχρὸν
1276 3397 1456 3489 ἡγούμενοι,
1476 3395 1534 3462 ὑπὸ

438 3505 521 3573 πόδα
540 3509 673 3603 ἐχώρουν
690 3510 982 3599 αντορθαλμούντες,
1001 3512 1053 3575 καί
1070 3509 1139 3577 ὅσον
1157 3512 1238 3576 ούπω
1251 3508 1442 3597 πεσούμενοι·
1464 3507 1535 3585 τούς

439 3615 472 3682 ιλέ
493 3619 652 3708 πολεμίους
676 3621 838 3710 ἐπέχοντας
863 3623 922 3687 άνά
944 3625 1054 3713 κράτος
1075 3623 1127 3686 καὶ
1153 3621 1284 3713 στέρρως
1306 3617 1479 3705 βάλλοντάς
1502 3643 1534 3684 τε

438 3733 490 3794 καί
506 3731 707 3817 πλήττοντας,
727 3735 779 3797 καί
795 3734 942 3824 άκηρυκτί
958 3731 1027 3808 τοὺς
1041 3735 1157 3808 πάντας
1171 3729 1245 3808 ἕξειν
1260 3731 1453 3816 ἐλπίζοντας,
1472 3725 1534 3803 ἤδη

437 3836 472 3905 θὲ
488 3843 539 3906 καί
560 3844 701 3934 τρόπαιον
719 3844 862 3920 ἱστάντας
880 3847 932 3909 καὶ
953 3845 986 3908 τὸ
1004 3844 1145 3909 ἐπινίκιον
1162 3839 1309 3929 ᾄδοντας.

471 4039 479 4066 ¹
493 4037 703 4108 Παρακληοιριόις]
716 4038 770 4088 vide
783 4054 808 4104 p.
825 4041 872 4101 88,
883 4056 908 4089 n.
925 4043 949 4093 4.
1000 4041 1097 4092 Chorio.
1107 4038 1219 4106 Procopii
1230 4038 1413 4104 Laudationep.
1427 4039 1535 4095 izuh.

469 4118 612 4169 'Lucianus
629 4119 689 4168 Hist.
706 4119 807 4168 consor.
824 4121 855 4169 λθ
872 4127 972 4190 εγράρω
1032 4120 1094 4169 ‘Sic
1115 4119 1204 4170 οοάειι.
1223 4116 1326 4167 Videtur
1346 4117 1451 4182 periisse
1471 4131 1537 4165 non-

437 4207 512 4248 τοίνοι
533 4199 548 4248 ἃ
570 4199 642 4259 εἶδον,
666 4199 709 4263 οθχ
728 4199 743 4249 ἃ
760 4205 855 4256 ἥκουσα.
875 4199 972 4248 Plautus
1000 4198 1066 4248 nulia
1078 4198 1179 4247 oratoris
1191 4194 1278 4255 verba,
1286 4194 1396 4260 jamnon
1410 4203 1537 4259 spectato-

436 4275 525 4325 Baoch.
543 4280 574 4335 3,
592 4280 621 4335 3,
637 4279 666 4326 64
680 4295 685 4325 :
700 4298 710 4320 ι
725 4277 761 4326 εἰσ
779 4286 816 4326 ost
833 4287 859 4326 ut
873 4275 971 4341 loquor,⁸
1001 4291 1051 4324 rem
1065 4285 1155 4324 tantum
1166 4289 1196 4324 ao
1208 4289 1347 4339 praeoonem
1359 4288 1447 4335 gerere
1457 4289 1484 4322 se
1496 4288 1536 4319 vo·

435 4353 499 4413 Quin
520 4369 564 4416 ego
585 4372 659 4419 quum
678 4356 774 4420 peribat
793 4355 857 4415 vidi;
874 4371 922 4404 non
942 4370 972 4404 ex
1000 4353 1086 4411 lentis,
1106 4355 1151 4404 sed
1172 4369 1258 4419 pognae
1280 4353 1374 4402 socium
1402 4362 1427 4401 ει
1450 4350 1535 4401 oniioae

435 4430 519 4480 audito
537 4447 611 4495 arguo
624 4451 645 4482 i.
661 4433 778 4499 Exempla
792 4433 894 4498 adposui
906 4443 931 4482 ει
940 4431 972 4481 ad
1000 4431 1066 4481 orbis
1080 4431 1244 4482 defensorem.
