3684 5659
762 603 826 665 ΚΑΙ
853 604 1073 666 ΦΙΑΑΓΡΙΟΣ.
1390 598 1460 669 267

422 731 458 806 θ’.
484 736 710 828 Σχολαστιιιὸς1
728 726 819 803 θέλων
837 740 887 803 τὸν
906 744 971 803 ὄνον
989 739 1083 803 αὐτοῦ
1106 736 1231 816 θιθάξαι
1248 741 1289 828 μὴ
1306 743 1429 833 τρώγειν
1437 740 1460 827 ’,

372 852 407 918 οὐ
420 845 605 943 παρέθαλεν8
618 849 700 936 αὐτῷ
713 852 837 941 τροφάς.
858 830 1064 927 Ᾰποθανάντος
1081 848 1114 916 δὲ
1132 857 1184 916 τοῦ
1199 858 1267 916 ὄνον
1282 853 1342 917 άπὸ
1355 852 1460 940 λιμοῦ,

371 965 473 1055 ἔλεγε·
496 962 649 1053 ((Μεγάλα
673 960 856 1048 ἐζημιώθην·
887 961 935 1027 ὅτε
959 964 1019 1054 γάρ
1037 959 1147 1050 ἔμαθει
1166 964 1207 1050 μὴ
1229 964 1371 1054 τρώγειν,
1397 963 1464 1028 τότε

372 1073 503 1140 ἀπέθανε
519 1099 549 1137 n.

423 1240 453 1314 ι’.
479 1244 707 1337 Σχολαστιηὸς“
730 1247 818 1313 ἵππον
843 1251 1021 1341 πιπράσκων
1039 1252 1178 1341 ἠρωτήθη
1202 1253 1244 1339 μὴ
1265 1247 1382 1326 δειλὸς8
1402 1258 1461 1323 εἴη.

372 1342 400 1426 ὁ
425 1356 459 1426 δὲ
482 1355 577 1426 εἶπεν·
604 1361 696 1443 «Οὔ,
724 1360 843 1445 μάτην
867 1365 920 1424 τοῦ
941 1363 1057 1451 πατρός
1077 1386 1135 1448 ρον
1159 1358 1343 1454 σωτηρίαν’·
1372 1362 1401 1426 ἐν
1423 1371 1465 1448 τῷ

323 1503 329 1514 ·
373 1467 514 1558 uraiiq⁸
532 1471 591 1562 γάρ
612 1471 701 1556 μόνος
718 1474 841 1541 ἔστηκεν
854 1495 884 1536 n.
980 1541 987 1556 .

424 1651 476 1726 ια’.
491 1659 700 1749 Σχολαστικὸς
711 1659 803 1726 θέλων
816 1656 909 1725 ἰδεῖνο
926 1664 951 1725 εἰ
967 1660 1074 1753 πρέποι
1089 1661 1172 1749 αὐτῷ
1184 1666 1351 1750 κοιμᾶσθαι
1357 1710 1367 1740 ,
1386 1690 1467 1752 καρι-

373 1769 474 1858 μθσας
491 1768 685 1863 ἕνωπτρίζετο
693 1769 724 1835 ¹⁰.

424 1941 473 2015 ιθ.
504 1950 704 2039 Σχολαστικῷ
712 1946 730 1981 ¹¹
754 1946 960 2037 άποθημοῢντι
977 1951 1061 2041 ριλὸς
1080 1948 1203 2017 minnist
1223 1951 1337 2042 ἔλεγεν·
1357 1976 1373 2007 ι(
1388 1933 1468 2028 ibo

373 2084 408 2127 σε
425 2057 479 2127 δύο
495 2057 612 2137 παῖδας
630 2064 782 2153 ἀγοράσαι
800 2086 850 2148 μοι
867 2060 901 2124 ἐκ
916 2058 1135 2126 πεντεκαίδεκα
1149 2061 1221 2128 ἐτῶν
1235 2058 1265 2125 ν.
1281 2044 1354 2128 (idi
1368 2062 1464 2129 εἶπεν·

417 2153 425 2174 ,

372 2194 390 2231 ν
404 2173 469 2240 Εάν
486 2171 639 2249 τοιούτους
657 2174 698 2260 μή
719 2169 811 2264 εὕρω,
833 2175 979 2264 άγοράσω
998 2197 1047 2238 σοι
1067 2171 1118 2237 ἕνα
1136 2175 1298 2265 τριάκοντα
1315 2174 1387 2240 ἐτῶν
1402 2201 1430 2240 ν.

424 2342 476 2442 ιγ’.
500 2351 703 2440 Σχολαστικοὶ
726 2348 810 2418 θθο”
824 2350 1009 2442 πατραλοῖαι
1030 2346 1207 2443 ἐθνςρόροιιν
1227 2352 1301 2444 πρὸς
1322 2353 1469 2428 ἀλλήλους

372 2631 451 2681 δακὼν
467 2630 490 2679 is
510 2636 625 2696 σκοτιᾷν.
643 2627 787 2678 Vossianum
799 2643 907 2692 apogra-
934 2638 985 2677 tum
1004 2628 1134 2678 comedere
1154 2647 1210 2678 ι...
1229 2626 1299 2679 Voss.
1318 2644 1359 2693 ap.
1374 2643 1470 2694 anony-

371 2707 466 2775 pbum,
485 2706 570 2759 avulso
592 2707 651 2758 folio
670 2706 764 2773 primo,
784 2722 849 2757 nune
867 2707 909 2758 iiia
936 2723 1001 2756 mum
1016 2705 1063 2756 Rh.
1075 2726 1081 2755 ι
1093 2710 1168 2764 καλῶς
1181 2707 1261 2773 ἔμαθε.

372 2784 501 2837 historiola
512 2794 589 2836 caret.
600 2785 644 2835 Est
654 2793 737 2836 σκοτία
748 2795 773 2835 et
783 2784 799 2851 ὃ
809 2787 864 2854 ριζ.
969 2783 979 2810 ⁸
993 2785 1069 2835 Abest
1082 2785 1113 2835 ab
1126 2785 1191 2835 Edd.
1206 2785 1249 2835 Est
1263 2784 1288 2835 in
1302 2783 1335 2834 Μ.
1348 2796 1373 2834 et
1385 2786 1413 2844 P,
1429 2787 1470 2834 ¹0.

408 2863 416 2891 ⁴
430 2863 474 2914 Est
484 2863 543 2915 inii
555 2873 580 2914 et
593 2863 621 2924 P,
634 2865 665 2925 93
677 2865 701 2912 in
710 2863 773 2914 Eud.
788 2874 814 2914 et
822 2863 870 2914 Rb.
882 2866 907 2914 8.
936 2863 1026 2913 Similis
1037 2874 1074 2912 est
1085 2863 1211 2914 historiola
1221 2863 1270 2931 ρνς’

407 2940 452 2993 'ii
459 2979 466 3002 ‚
478 2941 553 2993 αὖτοῦ
562 2950 602 2994 τὸν
612 2941 671 2993 ὄνον.
683 2942 747 2992 Edd.
757 2942 804 2993 Rh.
817 2963 824 2992 ι
836 2943 908 2994 ἵππον
969 2941 980 2968 ⁰
991 2941 1029 3001 Μ,
1044 2944 1124 3002 δῆλος,
1138 2942 1281 3009 permutatis
1293 2965 1308 3000 η
1323 2953 1348 2992 et
1360 2963 1391 2993 si.

374 3021 448 3073 αὖτοῦ
459 3022 484 3072 θ.
496 3043 524 3088 ρι.
537 3041 573 3090 τρ.
586 3025 671 3074 πολλά.
682 3023 822 3088 Anonymus
839 3021 909 3071 Rhoe-
971 3019 1035 3072 'Mt
1055 3043 1080 3072 τ.
1101 3026 1190 3089 πατρός
1207 3041 1253 3085 ριον
1271 3019 1397 3089 σωτηρίαν]
1417 3023 1469 3072 sor·

373 3104 404 3156 rii
419 3122 426 3153 :
442 3101 538 3152 «Voss.
551 3101 666 3152 διδάσκειν
680 3119 703 3149 ι.
716 3101 760 3162 Qui
774 3117 910 3166 anonymus
937 3099 1002 3148 mule
1010 3099 1107 3164 jurandi
1116 3099 1256 3149 christiane.
1267 3098 1345 3164 cf.§§
1353 3097 1401 3164 μζ,
1412 3101 1469 3167 ρνξ.

374 3179 542 3233 consentiente
551 3177 610 3238 Ro„
624 3183 699 3229 πολλά
706 3177 856 3243 jungendum
866 3195 911 3245 pu·
973 3177 982 3203 ⁸
997 3176 1146 3228 Vocabulum
1166 3189 1203 3228 est
1221 3179 1364 3229 recentioris
1382 3178 1470 3243 lingue

374 3269 425 3321 tat,
446 3273 496 3308 non
515 3255 590 3306 verbo
608 3264 714 3326 τρώγειν,
735 3257 779 3307 sed
798 3257 907 3322 sequenti
937 3261 1043 3315 στοιῡλος,
1060 3257 1126 3322 quod
1142 3267 1166 3306 et
1182 3261 1280 3315 στάθλος
1291 3256 1413 3318 scribitur,
1424 3271 1470 3307 nee

374 3338 516 3397 sententie,
532 3335 557 3386 in
576 3352 650 3386 sensu
665 3335 771 3385 abverbii
789 3339 905 3393 πολλάκις.
935 3335 1011 3394 maie,
1026 3351 1100 3401 quum
1114 3334 1146 3384 sit
1157 3335 1258 3385 latinum
1273 3339 1402 3384 stabulum.

375 3416 438 3472 iiaie
451 3416 559 3467 omnino.
575 3414 699 3464 Pomanus
713 3433 720 3462 ι
737 3432 748 3457 «
762 3429 793 3462 ne
806 3413 908 3463 muitum
968 3412 978 3438 ⁹
992 3413 1036 3462 Est
1047 3413 1072 3462 in
1086 3412 1109 3461 Μ
1123 3424 1148 3462 et
1158 3412 1185 3470 P,
1202 3416 1246 3472 11;
1264 3415 1294 3460 10
1305 3415 1329 3461 in
1342 3413 1418 3470 Edu„
1429 3412 1470 3462 ubi

375 3493 608 3547 comederennon
614 3503 740 3558 repererat
748 3503 827 3542 temen
835 3497 909 3543 πολλὰ
936 3496 1087 3556 σχολαστικὸς
1101 3491 1179 3541 θέλων.
1192 3491 1312 3540 insertum
1325 3491 1369 3539 fuit
1385 3492 1470 3540 εἰδέναι

374 3574 401 3625 in
423 3573 574 3638 Augustano.
600 3570 751 3637 Sequebatur
773 3571 909 3620 versionem
937 3585 951 3619 e
972 3569 1119 3634 conjecture.
1147 3569 1174 3617 In
1195 3566 1242 3618 Rh.
1268 3580 1306 3618 est
1329 3571 1371 3626 10,
1391 3569 1433 3634 qui
1455 3584 1470 3618 e

374 3651 570 3717 Lugdunensem.
936 3649 1054 3699 vossiano
1061 3646 1129 3698 dedit
1139 3650 1203 3706 ἰδεῖν,
1214 3648 1279 3714 quod
1288 3648 1368 3714 reperi
1376 3651 1400 3696 iu
1410 3648 1469 3696 ΑΜ.

409 3729 607 3799 Ἐοῑπαρίθνκεν
619 3728 643 3777 in
656 3726 719 3776 Edd.
732 3727 835 3793 antiquis
843 3748 850 3790 ;
862 3749 910 3777 ποι-
972 3726 994 3754 ⁴⁰
1007 3726 1082 3785 Edd,
1097 3733 1192 3796 πρέποι,
1205 3725 1241 3777 Gi.
1253 3725 1270 3792 S
1284 3727 1323 3777 ιδ’.
1334 3726 1395 3789 ΑΜ,
1410 3727 1471 3797 πρί-

374 3812 472 3878 ρέθαλτν
490 3809 515 3858 in
538 3807 656 3875 Lipsiensi
676 3821 700 3854 a.
724 3808 801 3866 1789,
821 3806 911 3855 citanie
938 3802 1471 3873 rtet.bi,xetprisn;·Cf.§pni'.iidd.,iron-

375 3887 471 3954 Corayo
482 3887 551 3952 ipso,
563 3885 603 3952 qui
615 3883 699 3934 meluit
709 3882 839 3933 scriberee
851 3898 910 3934 eon·
938 3894 1039 3953 τρίζιτο.
1048 3885 1344 3949 qnodmendumservavit
1352 3885 1470 3951 Coraynn

372 3963 469 4030 iectura
493 3980 536 4014 sua
555 3967 691 4032 παρέθηκεν.
707 3960 848 4010 Lectionem
866 3960 911 4009 Li·
937 3965 963 4014 id
978 3980 1026 4014 non
1042 3963 1155 4025 librario,
1172 3963 1216 4013 sed
1234 3961 1327 4012 auctori
1346 3962 1470 4022 tribuens,

375 4043 479 4108 psiensis
486 4041 613 4102 editionis,
624 4055 696 4107 quam
706 4037 798 4088 babent
806 4037 877 4088 Voss.
886 4050 911 4088 et
938 4058 1023 4093 serere
1037 4042 1108 4091 nimis
1117 4040 1246 4106 etinjuste.
1263 4040 1300 4097 Μ,
1313 4043 1469 4108 ἐνοπτριςιτο.

375 4119 436 4183 Rh„
447 4120 607 4186 probavitque
615 4118 764 4181 Wesseiing.
775 4117 839 4183 apud
851 4117 910 4177 Rh„
938 4120 958 4170 Α
971 4130 1126 4184 angmentum
1142 4118 1223 4167 babet.

375 4199 521 4250 confirmant
535 4199 555 4248 A
566 4198 600 4247 Μ.
972 4198 991 4224 “
1006 4198 1033 4247 in
1047 4198 1080 4246 Μ.
1093 4207 1118 4246 et
1132 4197 1160 4253 Ρ,
1175 4198 1213 4244 12.
1229 4195 1305 4246 Abest
1318 4196 1349 4247 ab
1361 4195 1424 4246 Edd.

409 4275 495 4327 ἘΜ
510 4287 535 4326 et
545 4276 604 4336 Bb„
619 4281 661 4326 τοῦ
672 4276 745 4325 ἵππον
759 4286 793 4344 τῷ
806 4279 910 4342 λιμῷ....
972 4275 994 4302 ”
1008 4277 1043 4332 Α,
1058 4275 1131 4341 αὐτῷ.
1147 4274 1184 4334 Μ,
1198 4275 1278 4325 αὐτοῦ.

374 4362 447 4421 μίγα.
468 4355 611 4407 Pontanus:
627 4371 638 4398 α
657 4369 769 4417 magnam
791 4353 910 4418 jacturam
972 4352 995 4379 ⁴⁸
1008 4355 1052 4404 Est
1064 4353 1089 4402 in
1101 4353 1125 4401 Μ
1139 4364 1164 4403 et
1177 4353 1206 4413 P,
1222 4355 1260 4402 12.
1273 4351 1349 4404 Abest
1364 4352 1396 4404 ab
1406 4353 1471 4405 Edd.

378 4432 464 4499 [ieci];
480 4433 577 4500 quando
597 4433 661 4484 enim
680 4431 765 4482 didicit
778 4449 826 4483 non
844 4432 911 4482 mul·
938 4433 1008 4485 Geni.
1024 4432 1111 4484 similia
1123 4430 1139 4497 ς
1152 4428 1209 4502 poti
1222 4446 1278 4483 eum
1289 4444 1357 4483 note.
