3684 5659
734 581 905 678 ’κοικτιι
930 603 970 674 ιν.
1356 613 1403 684 23

304 747 400 843 γρύξῃ
417 775 487 828 τις,
512 750 569 815 κᾶν
593 749 728 838 τολμήσῃ
746 748 842 840 λέγειν
864 750 903 823 ὡς
928 757 1031 823 κακῶς
1049 752 1113 838 ἔχει
1137 753 1176 815 τὰ
1198 753 1280 817 κατὰ
1302 753 1400 837 πόλιν,

306 861 432 953 πικροὺς
456 863 509 926 καί
532 863 757 952 ἀπαραιτήτους
779 862 940 932 θανάτους.
960 840 1011 924 fia)
1027 861 1080 930 τήν
1097 864 1162 953 περὶ
1188 865 1284 939 θείους
1304 872 1404 942 οἴκους

306 973 466 1063 οἰμέλειαν,
482 973 534 1042 τήν
551 977 604 1036 τοῦ
623 967 821 1062 δικαστηρίου
840 971 1021 1052 κατάλυσιν,
1038 973 1090 1042 τήν
1107 971 1137 1036 ἐν
1155 970 1282 1057 βουλαῖς
1298 979 1402 1067 άπρα-

306 1083 388 1168 ξίαν,
411 1085 465 1154 τήν
488 1091 541 1158 τῆς
558 1081 672 1156 πόλεως
690 1079 853 1172 σύγχυσιν.
876 1083 911 1144 Τί
933 1078 979 1145 δεῖ
995 1082 1034 1144 τόι
1050 1081 1117 1146 τότε
1139 1084 1329 1175 καταλέγειν,
1350 1090 1402 1152 καί

307 1196 587 1286 μόνῃσυγχεῖσθαι
600 1201 637 1281 τῇ
654 1195 752 1280 μνήμῃ
771 1199 829 1255 τῶν
847 1188 1017 1283 δυςχερῶνς
1037 1195 1089 1257 καί
1105 1194 1204 1270 άλλως
1219 1195 1263 1261 ότι
1277 1199 1329 1262 καὶ
1343 1208 1404 1275 πᾶς

308 1302 491 1393 βουλόμενος
513 1304 609 1396 λέγειν
631 1311 689 1368 τῶν
713 1305 901 1394 πραγμάτων
924 1303 1042 1368 ἐκείνων
1064 1306 1240 1376 ήττήσεται.
1266 1310 1319 1383 Τίς
1342 1311 1403 1400 γάρ

309 1415 441 1504 ἐφίκοιτο
463 1415 552 1505 λόγος
575 1423 634 1479 τῶν
657 1412 769 1505 φόόων,
794 1421 853 1477 τῶν
874 1422 1032 1505 ταραχῶν,
1053 1422 1111 1479 τῶν
1134 1415 1207 1481 ὅπου
1231 1441 1276 1492 τις
1299 1422 1404 1509 φανείη

310 1522 475 1603 κινδύνους
494 1524 544 1591 ότε
561 1526 613 1589 καί
638 1524 678 1588 τόι
701 1523 771 1615 γένη
788 1522 864 1599 τινές
881 1519 1039 1608 ἐξετίθουν,
1060 1526 1100 1601 ὡς
1118 1526 1155 1590 ἂν
1174 1527 1215 1613 μή
1238 1535 1292 1602 τῆς
1311 1527 1405 1604 αὐτῆς

309 1646 373 1712 τοῖς
388 1639 524 1728 πατράσι
542 1631 723 1726 δυςκληρίας
742 1633 786 1725 ἐφ’
804 1634 925 1709 ήλικίας
945 1636 1090 1725 γενόμενα
1112 1635 1254 1724 τύχοιεν·
1277 1636 1324 1701 ότε
1345 1659 1404 1726 φυ-

310 1756 367 1836 γῆς
389 1745 529 1833 ἑκουσίου
555 1741 734 1836 προςετίμοι1
754 1741 882 1819 ἕκαστος
900 1744 1020 1831 ἐαυτῷ,
1049 1747 1101 1810 καί
1118 1745 1229 1818 ταύτην
1249 1757 1405 1838 προῃρεῖτο

311 1858 430 1948 χαίρων
455 1856 475 1926 ή
502 1852 641 1921 δουλείαν
668 1855 845 1947 τυραννικήν
873 1854 918 1919 ἐπί
944 1864 997 1931 τῆς
1019 1858 1118 1931 οἰκίας
1139 1859 1330 1944 καθήμενος·
1357 1856 1406 1923 ὅτε

311 1967 384 2037 κενή
406 1973 464 2030 τῶν
487 1967 650 2057 οἰκητόρων
673 1968 691 2037 ή
714 1965 819 2049 πόλις,
843 1969 895 2031 καί
920 1967 1107 2058 ταλαίπωροι
1129 1964 1182 2053 μὲν
1205 1967 1250 2032 ἐπὶ
1274 1965 1356 2045 ξένης
1378 1971 1405 2035 οἱ

312 2075 497 2164 ἐξελθόντες,
517 2079 638 2168 στυγνοὶ
658 2072 693 2141 δέ
706 2078 758 2141 καί
776 2087 918 2169 κατηφεῖς
933 2078 960 2142 οἱ
978 2077 1113 2164 μένοντες
1127 2075 1158 2154 ἐξ
1172 2081 1308 2171 οἰνάγκης
1320 2081 1407 2173 ἐφαί-

312 2213 411 2254 νοντο.
445 2252 447 2255 ,
535 2226 536 2229 ¹
1016 2270 1018 2273 v

361 2302 439 2393 Πρὸς
456 2305 556 2367 ταῦτα
575 2301 673 2365 τοίνυν
690 2299 750 2391 ἐγώ
772 2291 847 2388 (καί
866 2310 1004 2366 σκοπεῖτε
1020 2302 1071 2366 τόν
1093 2302 1194 2380 ζήλου,
1214 2296 1407 2394 παρακαλῶ)

312 2412 458 2488 πολλάκις
485 2408 620 2499 ηὐξάμην
647 2411 717 2477 κατ’
746 2412 874 2500 ἐμαυτὸν
901 2413 1120 2502 στρατιωτικήν
1147 2413 1301 2504 ἐμπειρίαν
1327 2417 1406 2502 ἔχειν

313 2525 365 2588 καὶ
383 2525 457 2615 πρὸς
474 2519 547 2614 δόρυ
564 2525 616 2587 καί
635 2522 764 2609 πόλεμον
781 2524 899 2597 οἰκείως
915 2531 1018 2610 τυχεῖν
1036 2518 1223 2586 διακεῖσθαι.
1243 2519 1330 2585 Ούτω
1346 2525 1406 2614 γὰρ

313 2635 411 2721 μόνως
427 2633 563 2725 ἡγούμην
579 2639 630 2717 άν,
652 2637 678 2697 εἰ
696 2633 891 2723 ἐπιχειροίην,
916 2631 1123 2725 περιγενέσθαι
1148 2641 1323 2723 τυραννικῆς
1345 2633 1406 2697 αύ-

313 2741 442 2820 θαδείας
458 2769 489 2809 τε
506 2747 557 2810 καὶ
577 2745 744 2832 ὠμότητος.
766 2744 916 2819 Πολλάκις
934 2750 1012 2808 οίκοι
1029 2746 1195 2831 καθήμενος
1211 2745 1263 2809 καί
1281 2744 1355 2834 πρὸς
1370 2769 1406 2815 τη

314 2853 594 2945 βίέλῳσχολάζων
611 2857 661 2920 τὸν
677 2861 761 2940 νοῦν,
784 2855 877 2931 έννεός
900 2855 1040 2946 ἐγινόμην
1063 2850 1220 2944 ἐξαίφνης,
1245 2858 1296 2920 καί
1319 2858 1406 2944 μόνον

313 2963 421 3050 βίβλος
436 2969 455 3038 ή
469 2964 575 3051 βίθλος
589 2968 648 3031 άνόι
663 2975 771 3057 χεῖρας
788 2965 936 3058 ἐφαίνετο,
953 2967 1004 3030 καὶ
1021 2966 1110 3052 μόνον
1127 2965 1273 3056 ὀφθαλμοί
1288 2966 1407 3058 ἐπέτρε-

313 3101 369 3167 χον
395 3080 435 3143 τόι
460 3079 659 3170 γραφόμενα·
687 3079 702 3141 ὁ
729 3083 797 3153 νοῦς
825 3073 855 3140 δ’
873 3072 908 3147 ήν
936 3076 1057 3161 ἐκεῖσε,
1084 3085 1147 3151 πῶς
1173 3077 1210 3141 ἂν
1239 3076 1406 3169 ἐλευθερίαν

313 3185 408 3277 ἰ’δοιμι
425 3198 478 3265 τῆς
493 3185 659 3283 πατρίδος,
676 3190 729 3254 καὶ
747 3197 810 3264 πῶς
828 3183 964 3253 ἐκποδὼν
981 3188 996 3252 ό
1010 3187 1151 3279 τύραννος
1169 3188 1299 3279 γένοιτο.
1316 3186 1406 3254 Εἶδεν

314 3303 351 3360 άν
368 3323 413 3374 τις
432 3298 483 3386 ἐμὲ
504 3301 665 3391 παραστὰς
687 3300 753 3363 τότε
774 3300 902 3374 ζάκοτόν
922 3321 1009 3381 τινα,
1030 3301 1143 3381 ἔνθουν,
1162 3300 1214 3362 καὶ
1237 3299 1317 3374 οίους
1337 3299 1407 3375 τοὺς

313 3410 539 3500 νυμφολήπτους
561 3407 722 3498 βλέπομεν,
745 3410 896 3485 Πολλάκις
918 3408 1059 3496 μετέμελέ
1080 3435 1130 3496 μοι
1153 3411 1276 3483 καὶτῆς
1301 3410 1347 3475 ἐπὶ
1371 3420 1407 3500 τῇ

314 3519 475 3611 φιλοσοφίᾳ
489 3517 624 3597 σπουδῆς
639 3523 691 3587 καὶ
711 3526 764 3586 τοῦ
784 3516 814 3596 ἐξ
833 3525 875 3585 ἔτι
897 3518 980 3584 νέου’
996 3514 1243 3605 ἐπιτηδεύματος.
1263 3521 1325 3584 Καί
1341 3524 1409 3597 «Τί

315 3656 367 3717 μοι
390 3632 485 3701 ήτῶν
511 3637 602 3697 ’όντων
628 3632 776 3721 ἐπιστήμη
806 3634 978 3724 χρήσιμος;
1006 3655 1021 3686 »
1047 3630 1166 3721 ἐλεγον,
1192 3655 1207 3687 ν
1225 3634 1250 3694 εἰ
1269 3632 1310 3718 μή
1332 3656 1406 3697 συν-

315 3752 445 3833 ενεγκεῖν
460 3746 525 3832 ἔχοι
542 3754 606 3820 τοῖς
620 3737 687 3809 οὖσι
706 3752 758 3819 τής
774 3744 901 3818 πόλεως.
923 3722 1035 3832 Ιίρρέτο
1052 3750 1163 3832 γνῶσις
1180 3743 1232 3806 καὶ
1252 3744 1337 3806 θείων
1353 3746 1405 3808 καί

315 3855 505 3944 ἀνθρωπίνων
528 3858 736 3947 πραγμάτων,
762 3857 787 3919 εἰ
813 3855 853 3942 μή
878 3862 914 3943 τῃ
939 3848 1064 3945 πατρίδι
1085 3850 1211 3937 βοηθοίη
1235 3852 1404 3942 καμνούσῃ.

315 4063 397 4128 ἐχθροῦ
410 4067 451 4110 καὶ
466 4064 596 4131 βαρθάρον.
617 4058 745 4123 Virgilius:
760 4059 848 4110 «Ecce
909 4058 992 4108 ¹Cod.
1010 4065 1164 4125 τροςετίμων.
1179 4056 1303 4121 Rescripsi
1318 4069 1407 4103 nume·

316 4139 457 4189 trahebatur
473 4139 551 4204 passis
570 4138 689 4189 Priameia
707 4139 774 4202 virgo
790 4137 847 4188 Cri·
874 4153 928 4186 rum
940 4137 1087 4200 singularem
1101 4145 1202 4201 propter
1223 4141 1365 4201 προῃρεῖτο,
1382 4142 1407 4183 et

314 4217 416 4266 nibus.»
436 4217 469 4266 Et
481 4215 642 4266 conferendus
660 4229 743 4264 secum
757 4215 847 4281 Pachy·
874 4225 910 4265 ιοι
922 4215 1041 4264 vocabula
1052 4213 1181 4277 singularis
1193 4211 1299 4261 numeri.
1371 4250 1373 4253 ,

314 4311 393 4346 meres
406 4295 471 4345 nist.
492 4293 602 4344 Andron.
622 4295 652 4355 5,
670 4296 716 4354 21,
732 4310 758 4358 p.
774 4294 844 4342 415:
908 4291 993 4342 ⁸c0d.
1006 4294 1066 4354 ἐξέτι
1082 4293 1141 4342 νέου.
1162 4290 1233 4340 Malui
1252 4289 1361 4340 dividere
1375 4289 1407 4340 ob

315 4380 363 4444 βίοι
375 4379 423 4444 γὰρ
439 4378 587 4442 ἡρπάζοντο,
601 4379 640 4421 καί
658 4382 761 4436 γυναῖκες
778 4373 847 4441 nept—
873 4369 1004 4437 genitivum
1015 4369 1135 4420 νίου.Νοιι
1146 4369 1251 4438 dividam
1262 4370 1323 4429 ἐξέτι
1336 4369 1407 4420 abso-

314 4459 395 4516 ςιιντο,
406 4458 447 4504 καί
462 4456 530 4519 κόριοι
545 4452 711 4519 διεφθείροντο.
873 4450 924 4499 Ιυιο
934 4450 1049 4513 positum.
1062 4449 1101 4498 ef.
1112 4464 1138 4512 p.
1152 4452 1195 4509 18,
1207 4464 1231 4498 ιι.
1244 4451 1268 4498 2.
