3684 5659
372 586 442 655 424
706 596 730 654 Γ
734 636 742 652 ·
770 595 844 656 ΤΟΥ
869 592 1124 657 ΠΑΧΥΜΕΡΟΥΣ

370 723 406 797 ήν
422 727 534 818 ἐρωτᾷν
550 728 600 790 καί
620 729 779 813 μανθάνειν
795 728 846 791 τὸν
865 726 913 793 ε’πί
930 753 956 791 τι
974 724 1171 805 διστάζοντα.
1187 709 1260 795 Επεὶ
1279 725 1310 794 δ’
1324 722 1384 820 οὑχ
1401 723 1465 797 οἷόν

371 862 402 902 τε
418 837 505 902 ταῦτ’
525 834 614 923 εἶναι,
632 847 691 903 τῶν
707 838 836 904 πολιτῶν
850 839 877 903 οἱ
891 839 1053 930 σοφώτεροι
1071 843 1179 932 κρίνειν
1197 839 1390 933 ἐκλέγονται,
1411 844 1463 908 καί

372 947 521 1041 ὑποφῆται
542 959 605 1025 τοῖς
624 950 763 1041 γράψασι
787 952 934 1041 γίνονται.
957 952 1017 1014 Καὶ
1033 952 1068 1015 τὸ
1087 947 1178 1021 δῆλον
1199 951 1234 1016 οὑ
1254 950 1327 1043 παρ’
1347 951 1467 1018 ἐκείνων

373 1066 496 1138 ζητοῦσι
514 1064 633 1150 μαθεῖν,
653 1060 720 1125 ἀλλ’
740 1060 825 1125 αὐτοὶ
843 1063 1061 1152 προςάπτοντες
1078 1068 1251 1128 ουννοοῡσιν
1269 1061 1303 1127 ἐκ
1319 1071 1379 1129 τῶν
1395 1088 1466 1129 κει·

373 1172 480 1260 μένων,
500 1173 652 1237 καὶκατὰ
671 1173 784 1237 σκοπὸν
799 1172 850 1237 τὸν
867 1170 985 1236 ἐκείνων
1004 1167 1196 1249 δικάζουσιν.

437 1264 443 1284 ,

422 1287 499 1349 Επεί
514 1287 562 1348 τοί
577 1308 630 1374 γε,
650 1282 785 1370 κειμένου
802 1283 893 1371 νόμον
910 1293 1064 1375 τιμωρεῖν,
1084 1285 1141 1348 κάν
1160 1283 1294 1374 ἱκετεύῃ,
1315 1285 1374 1350 κᾶν
1392 1281 1467 1363 δυς-

375 1402 458 1483 ωπῄ,
478 1394 528 1458 τὸν
543 1393 697 1482 πολέμιον,
715 1397 746 1457 τί
764 1393 901 1465 ποιητέον
917 1417 966 1458 σοι
987 1395 1073 1479 τότε,
1098 1393 1169 1460 ὅταν
1192 1392 1304 1471 ἐκεῖνος
1321 1398 1469 1487 άγαπήσῃ

375 1505 415 1569 τὰ
432 1507 490 1588 σά,
510 1506 581 1590 καί,
601 1513 660 1570 τῶν
678 1501 762 1570 ἰδίων
776 1505 950 1593 ἀμελήσας,
967 1506 1014 1570 σοί
1028 1507 1230 1596 προςχωρήοῃ
1248 1505 1300 1570 καί
1318 1509 1398 1593 μετὰ
1413 1512 1470 1572 σοῦ

376 1617 533 1702 μάχηται;
549 1617 649 1706 χρήσῃ
666 1623 708 1703 τῷ
724 1616 819 1702 νόμῳ,
836 1617 888 1680 καὶ
902 1617 1082 1706 τιμωρήσεις
1096 1617 1312 1707 ἀπαραιτήτως
1325 1616 1471 1708 προσχὼν

375 1734 439 1800 τοῖς
455 1728 651 1817 γράμμασιν,
674 1724 874 1816 ήσυλλογίσῃ
894 1726 928 1790 τὸ
952 1726 1052 1791 λεῖπον
1073 1735 1137 1802 τοῖς
1159 1725 1398 1818 γεγραμμένοις,
1417 1728 1470 1791 καί

376 1831 506 1925 ὑποδέξῃ
524 1832 660 1912 ὑπτίοιιςι
677 1835 946 1924 αὐτομολήσαντας
965 1817 1037 1927 Ιὺγὼ
1055 1834 1108 1924 μὲν
1125 1833 1210 1925 οἶμαι
1225 1841 1329 1902 τοῦτο.
1348 1838 1408 1904 Διὰ
1422 1840 1452 1902 τί
1458 1857 1469 1920 3

378 1944 423 2010 ὅτι
441 1945 475 2010 οὑ
492 1946 640 2033 πολεμίοιν
657 1950 757 2038 ἔργον,
777 1946 856 2011 ἀλλὰ
872 1945 964 2034 φίλοιν
983 1945 1159 2038 ἐργάζεται.

427 2058 485 2120 Καὶ
501 2055 562 2146 ἐγὼ
575 2060 685 2142 τοίνυν,
705 2055 785 2133 ξένος
802 2058 836 2121 τὸ
853 2057 938 2149 γένος
957 2062 1011 2142 ὥν,
1031 2056 1065 2123 οὑ
1082 2054 1171 2134 ξένων
1187 2060 1288 2149 ἔργον,
1307 2055 1378 2146 ὑμῖν
1396 2082 1475 2146 συμ-

378 2174 501 2254 μαχῶν,
516 2165 583 2232 ἀλλ’
598 2166 790 2256 αὐτοχθόνων
799 2167 959 2259 πέπραγα·
976 2170 1028 2233 καί
1043 2167 1199 2259 εὐεργέτης
1211 2167 1272 2259 ἐγὼ
1286 2169 1339 2234 καί
1354 2163 1474 2260 δωρεᾶς

379 2274 476 2353 ἄξιος.

429 2414 444 2446 n
458 2388 503 2453 Οὑ
517 2385 774 2481 προςδιώρισται,
788 2415 803 2449 ν
820 2389 935 2482 λέγεις,
951 2394 1067 2455 «τοῦτο
1083 2409 1117 2448 υ·
1137 2388 1206 2456 ἀλλ’
1220 2391 1401 2482 ἀναγκαίως
1412 2399 1476 2467 τοῖς

380 2500 656 2588 νενομοθετημένοις
672 2501 861 2593 ἐμφαίνεται.
880 2481 980 2591 ὁγὰρ
997 2498 1078 2576 ξένον
1094 2498 1220 2565 κελεύων
1237 2500 1378 2577 κολάζειν
1399 2503 1477 2567 ποίν·

382 2778 455 2835 anu.
466 2778 517 2827 Ιιπο
525 2781 667 2831 amdam
675 2781 705 2831 V.
714 2781 911 2844 loannisEvang.
942 2789 1013 2843 gatus
1027 2780 1051 2829 iu
1070 2778 1274 2847 Caryophylliana
1294 2790 1320 2829 et
1337 2777 1479 2843 Schoettgs-

383 2871 410 2920 p·
429 2858 459 2903 ’ίῖ
478 2863 527 2917 ιὼς
546 2867 585 2909 καί
602 2865 684 2917 πλήθει
702 2864 914 2928 περιιστοιχεῖσθοιι
942 2859 1013 2908 niana
1023 2856 1153 2928 περιεῖναι,
1163 2859 1229 2924 quod
1239 2868 1265 2909 et
1277 2856 1378 2908 exhibet
1387 2858 1476 2909 codex.

384 2946 468 3002 χρεῶν·
483 2937 532 2985 imo
544 2938 843 3005 περιεστοιχήοθαι,φυο(ί
856 2938 915 2988 scri·
976 2934 1114 2994 ’Ὑπτίαις
1150 2935 1278 2986 subaudita
1313 2942 1403 3004 χερσί,
1438 2935 1479 2984 tel

383 3012 432 3076 psit
450 3014 535 3064 Hasius
553 3017 584 3065 ad
603 3018 709 3067 Leonem
726 3018 793 3068 Dian.
809 3035 834 3082 p.
851 3019 915 3077 4723
943 3015 1043 3065 omisso.
1057 3015 1194 3080 Euuapius.
1206 3031 1231 3079 p.
1241 3015 1272 3062 33
1285 3032 1292 3062 ι
1303 3013 1401 3071 ὑπτίαις
1411 3018 1479 3078 χερσί

383 3091 408 3140 ni
422 3103 501 3142 tamen
514 3095 561 3143 alia
572 3096 750 3159 permutatione
759 3095 914 3145 scribendum
943 3096 1009 3152 δέξαι
1023 3101 1054 3145 τὰ
1068 3099 1191 3159 λεγόμενα,
1212 3092 1246 3143 lbi
1261 3103 1340 3152 notae,
1355 3108 1400 3157 pp.
1415 3093 1480 3155 tta,

383 3181 408 3220 et
417 3171 493 3220 forma
504 3173 604 3223 meliore
614 3179 824 3241 περιεστοιχίοθαι.
834 3174 916 3223 Obiter
944 3174 1002 3222 tta.
1014 3172 1121 3222 Juanues
1135 3172 1202 3222 Dian.
1216 3170 1360 3222 carminata
1379 3170 1419 3221 Jo.
1435 3171 1481 3221 Pa-

384 3249 499 3298 mendum
521 3266 550 3299 ex
570 3251 612 3300 itto
630 3251 758 3316 Sytneonis
782 3251 914 3316 opuscula,
943 3250 1084 3315 laeutogum‚
1096 3268 1120 3299 v.
1138 3252 1186 3300 203
1201 3268 1208 3298 ε
1226 3247 1336 3308 ’Υπτίαις
1350 3249 1481 3309 ὑπιδίξατο

384 3342 433 3375 ποπ
456 3344 522 3393 saepe
542 3329 574 3379 ad
594 3340 677 3395 partes
697 3331 807 3380 vocando
831 3328 916 3379 tollere
944 3337 1012 3397 χερσί
1028 3348 1068 3388 σι,
1084 3336 1166 3380 τὸτοῦ
1181 3333 1257 3391 λόγον.
1275 3329 1418 3378 Anastasius
1437 3327 1481 3376 Si-

385 3407 466 3456 liceat.
476 3409 516 3458 Sic
527 3409 574 3458 sent
583 3409 657 3459 editio
669 3409 823 3469 Oxouiensis,
834 3424 860 3473 p.
871 3411 913 3457 10:
944 3409 1010 3458 unita
1022 3408 1142 3468 Humilia,
1153 3424 1179 3472 p.
1195 3409 1227 3456 30
1238 3425 1244 3455 :
1255 3408 1316 3475 ἅπερ
1331 3414 1373 3457 καὶ
1383 3402 1480 3457 'toass-

384 3487 428 3553 δρα
445 3499 486 3545 τῆς
500 3490 632 3557 παρρησίας
646 3497 672 3539 τὸ
690 3493 782 3556 παρεόν·
796 3488 916 3549 interpre'·
945 3507 993 3544 σιος
1021 3487 1117 3542 ὑπτίαις
1141 3492 1219 3555 χερσίν
1243 3487 1347 3548 ἁσμένοις
1374 3487 1478 3543 ἐδέξατο.

386 3575 452 3614 tante
466 3566 558 3617 Bruttio
569 3586 575 3615 ι
589 3585 601 3610 ιι
614 3567 713 3616 attende
724 3566 798 3632 paulo
811 3580 917 3628 praesen·
945 3567 1037 3616 Auctor
1045 3564 1106 3614 vnae
1116 3563 1239 3629 Euthymii
1248 3600 1254 3618 .
1264 3561 1281 3628 ς
1293 3563 1339 3612 ¹24
1351 3582 1358 3613 ι
1371 3568 1447 3620 καλῶς
1456 3564 1482 3612 δὲ

385 3653 435 3693 tem
453 3645 625 3696 confidentiam
639 3665 662 3695 ν.
684 3647 736 3707 Quo
752 3661 825 3694 sensu
842 3650 917 3711 παρόν
945 3644 1048 3702 αὑτοὺςὸ
1061 3649 1224 3711 πατριάρχης.
1237 3650 1290 3702 καί,
1308 3646 1339 3699 ὡς
1352 3643 1480 3701 ἃνιίποις,

386 3720 516 3771 dicendum
529 3723 610 3773 fuerit.
625 3723 674 3773 Sed
685 3723 814 3788 legendum
827 3728 915 3790 περιόν·
945 3724 971 3773 οὑ
990 3730 1056 3790 χερσί
1070 3727 1138 3787 μόνον
1159 3721 1269 3778 ὑπτίαις,
1287 3723 1347 3771 ἀλλὰ
1361 3727 1401 3770 καί
1420 3740 1483 3789 καρ-

387 3818 399 3844 ι
411 3800 466 3849 vide
477 3800 630 3850 confidentiae
642 3801 814 3851 abundantiam
827 3820 849 3849 ν.
861 3800 919 3850 Sui·
946 3804 998 3860 δίας
1010 3806 1102 3858 κόλποις
1117 3802 1250 3863 δεξάμενος.
1267 3799 1343 3859 Quem
1359 3801 1444 3849 confer
1457 3809 1483 3848 et

386 3879 430 3929 das
448 3897 453 3927 :
477 3885 566 3948 περιόν,
584 3881 734 3948 ὑπιρθάὶλον.
755 3879 918 3945 pachymeres
944 3881 961 3948 5
981 3882 1019 3931 n.
1032 3881 1137 3930 loannes
1151 3879 1273 3929 (linuatus
1290 3893 1337 3926 uon
1352 3879 1407 3927 sine
1425 3878 1482 3927 ius·

386 3959 436 4008 alio
462 3958 517 4007 loeo
537 3965 587 4009 ιτὸ
614 3965 693 4027 περιὸν
720 3968 762 4016 τῆς
788 3963 916 4015 θειότητος.
947 3958 1183 4026 ptiaSculagtadu,
1201 3959 1247 4017 25,
1263 3973 1291 4021 p.
1309 3956 1484 4014 312εὑπτίαις

387 4039 458 4087 nude
470 4048 519 4088 not.
535 4037 566 4087 nd
578 4037 675 4088 Choria.
692 4053 719 4102 p.
734 4037 758 4086 9.
771 4036 919 4087 Permutatio
946 4046 1013 4107 χερσὶ
1024 4045 1097 4103 ψυχῆς
1110 4038 1293 4106 προςδιχομένης
1302 4040 1342 4084 καί
1353 4054 1484 4105 περιπτυσ-

386 4117 456 4167 solita
466 4117 663 4183 praepositionum
674 4123 727 4184 περὶ
738 4122 804 4183 παρά
813 4115 920 4166 meudo-
946 4126 1042 4184 σομένης
1079 4121 1177 4174 ταύτην.
1207 4113 1382 4166 Constantinus
1415 4114 1482 4164 Han.

386 4213 440 4244 rutn
451 4206 488 4245 est
497 4197 560 4246 fons.
570 4196 747 4246 Themistocles
758 4196 806 4262 Ep.
825 4197 868 4255 15,
881 4195 895 4242 6
909 4214 915 4244 :
947 4198 1039 4248 Chaon.
1050 4199 1115 4247 atta
1129 4193 1257 4252 ιῪπτιίιις
1268 4194 1428 4257 ὑποδέχονται
1443 4200 1484 4244 τὸν

387 4282 492 4323 τοσαῦτα
511 4283 559 4344 γὰρ
580 4281 592 4326 ὁ
615 4280 747 4334 τελευταῖος
768 4280 917 4340 λογισμός..-.
947 4278 1022 4344 ἄνδρα
1049 4280 1180 4341 παλάμαις.
1199 4273 1261 4323 Vide
1280 4282 1306 4322 et
1327 4271 1430 4323 Hetald.
1451 4271 1482 4322 ad

389 4354 513 4421 ἀπέφαινεν
537 4356 573 4405 ἔτι
597 4363 664 4424 παρὰ
683 4363 719 4406 σοί
742 4366 852 4423 παρεῖναι
873 4363 919 4403 τῶν
947 4355 1017 4404 Mart.
1051 4363 1078 4417 l,
1113 4356 1155 4416 163
1182 4351 1280 4403 Jacobt.
1304 4351 1336 4400 ad
1364 4351 1482 4401 Philostr.

389 4435 458 4497 ἐμῶν,
476 4432 516 4481 sic
528 4432 697 4494 Bretneriana‚
712 4450 786 4499 quum
800 4444 866 4484 recte
881 4433 919 4481 le·
948 4450 972 4497 p.
990 4434 1046 4481 403.
