3684 5659
812 630 969 691 ΜΕΛΕΤΗ
995 618 1031 690 1'.
1396 629 1465 698 497

373 758 451 825 οῦτοι
468 757 590 852 πράξοι.
611 737 695 827 ώλλα
715 759 748 826 δὲ
769 771 827 828 τῶν
844 763 1043 854 ἀγνοούντων,
1063 766 1114 829 καί
1133 765 1213 829 άλλα
1231 774 1289 830 τῶν
1307 791 1466 861 καταφρο-

360 871 501 948 νούντων
522 874 563 936 τά
584 871 730 958 ε’πιτίμιοι.
754 850 795 937 Ᾰν
813 883 1008 964 καταφρονῶν
1027 899 1072 949 τις
1091 885 1270 966 παρανομῇ,
1293 873 1398 947 διπλῆν
1415 880 1466 949 τὴν

706 977 720 988 .
1433 967 1444 989 ,ι

372 979 461 1054 δίκην
485 985 664 1066 άποίσεται,
679 989 736 1058 *οἱς
757 1009 788 1047 τε
810 986 1029 1075 κατεφρόνησε,
1050 987 1101 1049 καί
1121 982 1165 1061 οἷς
1183 990 1406 1077 παρηνόμησεν.
1425 991 1466 1053 Αν

372 1095 490 1184 άγνοῶν
518 1095 678 1183 ἁμαρτάνῃ
686 1140 695 1176 ,
729 1094 909 1183 συγγνώμης
936 1097 1016 1159 ἔστιν
1043 1094 1136 1171 ε’ντός.
1167 1074 1222 1162 (λτι
1250 1097 1302 1185 μὲν
1331 1101 1463 1188 ἥμαρτε,

371 1204 616 1274 κολασθήσεται·
639 1201 683 1268 ότι
701 1198 734 1266 δὲ
754 1204 795 1288 μὴ
814 1198 920 1286 εἰδώς,
943 1205 977 1268 τὸ
995 1204 1113 1298 με’τριον
1130 1203 1187 1282 ἕξει
1205 1215 1258 1283 τῆς
1274 1203 1463 1291 καταδίκης,

372 1308 419 1389 οἷς
439 1312 502 1380 ότι1
525 1315 577 1379 καί
601 1312 743 1377 άκοῦσιον
767 1313 800 1376 τὸ
822 1312 1044 1401 πλημμέλημα,
1068 1319 1119 1381 καί
1143 1316 1176 1380 οῦ
1198 1319 1283 1407 παρὰ
1300 1318 1352 1388 τίον
1374 1318 1466 1382 αὐτοῦ

370 1427 506 1516 γνώμην,
525 1424 604 1489 άλλόι
617 1426 702 1516 παρὰ
715 1424 768 1493 τὴν
782 1429 907 1513 άγνοιαν
920 1426 954 1488 τὸ
966 1426 1186 1513 πλημμεληθέν.
1203 1427 1308 1515 Πολλῷ
1323 1424 1356 1492 δὲ
1370 1425 1467 1499 δήπου

371 1536 425 1605 τὴν
441 1533 565 1626 ἑταίραν
581 1537 752 1625 άγυοοῦσαν
770 1531 985 1625 ἐξαμαρτάνειν
1001 1539 1067 1627 περὶ
1087 1538 1137 1601 τὸν
1153 1539 1256 1625 νόμον,
1276 1538 1294 1608 ἦ
1314 1562 1469 1628 καταφρο-

371 1649 484 1710 νοῦσαν
500 1646 594 1720 εἰκός.
615 1647 666 1719 Τίς
682 1647 741 1734 γάρ
762 1646 777 1708 ὁ
796 1644 907 1716 ἐκείνην
919 1642 1089 1721 παιδεῦωνς
1110 1651 1161 1712 καί
1180 1651 1254 1713 ποία
1272 1650 1324 1713 καί
1344 1648 1391 1713 ἐπὶ
1409 1651 1466 1713 τίνι

370 1764 430 1821 τῶν
443 1757 603 1847 σωφρόνων
616 1756 779 1847 συναγωγὴ
792 1761 1022 1846 παρασκευάσει
1037 1760 1144 1845 μαθεῖν
1157 1758 1269 1830 ἐκείνην
1283 1758 1353 1850 ὅπερ
1367 1760 1467 1848 η’γνόει

370 1865 405 1929 τὸ
433 1866 596 1956 πρότερον;
627 1846 810 1955 Ᾰπείργεται
839 1867 941 1940 πάσης
971 1861 1119 1939 συνόδου,
1150 1866 1328 1931 ἐκθάλλεται
1358 1869 1468 1943 παντὸς

371 1971 547 2065 συνεδρίου·
573 1976 630 2040 κᾶν
652 1976 790 2040 λαθοῦσα
809 1976 861 2039 καί
884 1971 1073 2067 παρειςδῦσα
1094 1975 1248 2068 λαθραίως
1270 1980 1468 2069 παρακαθίοη

371 2095 439 2162 ταῖς
462 2085 590 2161 άλλαις,
617 2084 703 2160 εῦθῦς
725 2086 765 2160 ὡς
787 2084 925 2174 τολμηρά
944 2088 995 2149 καί
1018 2083 1147 2162 ἀναιδὴς
1164 2088 1389 2175 ἀποπέμπεται·
1411 2090 1467 2153 κάν

371 2196 531 2289 συλλόγοις
555 2196 662 2267 ἑαυτὴν
685 2200 843 2288 παρενείρη
867 2199 908 2271 εἰς
932 2195 949 2260 ό
971 2220 999 2261 τι
1023 2202 1129 2284 μαθεῖν
1150 2203 1312 2291 χρήσιμον,
1334 2201 1374 2274 ὡς
1393 2206 1469 2290 άγος

371 2317 438 2383 ταῖς
459 2309 611 2399 σώφροσιν
631 2304 824 2373 ἐκδιώκεται.
849 2307 912 2371 Κάν
930 2306 1035 2397 ἐπιστῇ
1054 2306 1238 2390 παιδευτάς,
1257 2310 1385 2401 ἐραστὴς
1402 2313 1466 2374 άντί

372 2414 537 2483 παιδευτοῦ
559 2421 764 2509 γίνεται,·καί
790 2420 898 2505 νόμους
921 2419 1007 2508 άφείς
1032 2417 1160 2495 ἐκείνους
1184 2421 1236 2484 καὶ
1261 2420 1278 2485 ό
1301 2445 1329 2484 τι
1354 2415 1468 2511 διαγο-

316 2617 321 2623 .
372 2527 522 2618 ρεῦουσιν,
544 2528 613 2604 ὅλος
630 2537 689 2593 τῶν
706 2528 820 2603 ἐκείνης
838 2527 955 2619 ε’ρώτων
973 2523 1138 2593 δείκνυται.

420 2641 588 2705 Κάντεῦθεν
604 2636 636 2716 ἐξ
653 2643 778 2732 άγνοίας
796 2638 1013 2729 ἁμαρτανούσῃ
1028 2641 1235 2730 συγγνώσεται
1252 2636 1392 2715 δικαίως.
1408 2642 1466 2704 Καὶ

372 2748 507 2821 λοιπὸνή
525 2752 647 2821 ἡτισοῦν
665 2750 792 2826 κόλασις
808 2750 963 2841 αὐτάρκης
980 2753 1110 2842 τιμωρία
1126 2750 1368 2840 πλημμελησάσιρ
1385 2754 1469 2842 παρά

372 2860 425 2931 τὴν
443 2859 603 2952 σύντροφον
620 2868 757 2952 άγνοιαν.

421 2968 510 3036 Οῦτω
534 2973 585 3034 καί
613 2970 650 3034 σὺ
675 2970 845 3057 συμθίθαζε
868 2973 901 3036 τὸ
926 2974 1033 3063 ῥητόν,
1061 2975 1113 3037 καί
1139 2975 1206 3061 οἴμοι
1231 2971 1284 3060 μὲν
1308 2975 1470 3049 ἀττικίζειν

372 3086 454 3171 ἔχεις
478 3083 531 3153 τὴν
556 3083 656 3152 κοινὴν
680 3081 790 3153 ταύτην
813 3086 864 3147 καί
890 3084 1138 3171 καθωμιλημένην
1157 3086 1328 3168 συνήθειαν,
1352 3085 1418 3171 άμα
1436 3081 1470 3148 δὲ

372 3195 425 3259 καί
442 3195 525 3259 κατά
537 3193 624 3284 λόγον
636 3201 694 3257 τών
709 3190 924 3282 οἰδικημάτων2
938 3195 994 3270 τάς
1008 3192 1098 3270 δίκας
1115 3194 1276 3260 ἐπιτιθέναι
1289 3205 1352 3270 τοῖς
1369 3196 1469 3287 άμαρ-

408 3429 417 3457 ¹
429 3430 465 3479 De
474 3430 576 3480 formula
587 3433 621 3488 οἷς
629 3432 665 3482 ότι
675 3431 731 3480 vide
742 3448 768 3497 p.
781 3432 837 3485 153,
850 3448 874 3480 n.
885 3434 908 3480 3.
937 3437 978 3495 μὲν
989 3433 1126 3494 αἰδούμενος
1134 3438 1177 3488 τὰς
1189 3434 1275 3487 οἰκείας
1285 3437 1403 3498 συμφορὰς
1414 3451 1470 3479 σιω-

407 3506 513 3567 'Cod.‚
538 3513 763 3574 πλημμελημάτων,
792 3510 911 3559 vocabulo
938 3518 1064 3573 πήσωμαι,
1082 3511 1121 3558 οῦκ
1140 3511 1202 3573 ἔχειν
1222 3511 1318 3573 δόξαιμι
1332 3511 1364 3558 δι’
1379 3513 1409 3559 ὧν
1428 3518 1470 3565 τὴν

372 3587 460 3637 subtus
483 3597 567 3637 notato
592 3589 689 3653 punctis
717 3588 858 3648 deletoriis,
886 3598 911 3638 et
937 3590 1065 3651 ἀπολογίαν
1076 3592 1200 3654 πληρώσει·
1211 3589 1239 3636 ἂν
1251 3589 1276 3636 δὲ
1286 3587 1330 3637 ὑπὸ
1345 3598 1386 3644 τῆς
1399 3590 1471 3650 ἀνάγ·

372 3681 430 3715 cum
453 3665 533 3729 glossa
550 3665 716 3725 interlineari,
733 3687 772 3734 γρ.
790 3667 911 3729 ἀδικημά-
937 3686 976 3722 κης
992 3668 1083 3721 τάληθῆ
1096 3670 1168 3727 λέγειν
1181 3672 1339 3733 προάγωμαι,
1354 3667 1413 3725 δόξω
1428 3674 1470 3722 τὰς

373 3764 430 3794 των.
452 3744 494 3793 Sic
510 3760 576 3809 saepe
597 3745 689 3794 librarii
713 3760 727 3792 τι
747 3743 909 3794 describendo
938 3746 1108 3812 ἡμετέραςέγὼ
1126 3747 1281 3813 συμφορὰςθν
1297 3749 1404 3813 ίμυθριᾷυ
1422 3746 1470 3794 ἔδει

373 3820 494 3871 vocabulo
511 3814 654 3871 υίιῦειοοιοο
666 3823 689 3870 in
700 3838 861 3888 synonymum
874 3822 910 3870 in·
938 3824 1093 3886 διηγουμένων
1116 3827 1210 3890 ἑτέρων.
1235 3824 1319 3876 Codex
1342 3827 1404 3872 3017
1426 3841 1471 3888 μιν

374 3898 470 3949 οἰάυυι.
488 3898 533 3949 lue
553 3899 665 3949 librarius
685 3909 769 3948 noster
788 3899 910 3948 laudando
937 3909 1094 3965 σιωπήσομαι
1107 3901 1181 3950 habet
1192 3918 1352 3967 synonymum
1366 3905 1472 3967 ἀποκρύ-

373 3976 489 4040 exemplo
505 3992 532 4027 ne
546 3979 654 4027 correxit
670 3979 734 4043 ipse.
753 3977 823 4041 Saepe
838 3978 910 4026 etiam
937 3985 1033 4043 ψωγιαι,
1055 3978 1121 4044 quod
1143 3981 1232 4043 poterit
1251 3980 1395 4043 displicem3
1411 3982 1470 4028 ἀπο·

374 4055 522 4104 mutationes
538 4054 562 4103 id
582 4071 657 4118 genus
673 4071 741 4105 πονοι
761 4054 791 4104 ab
811 4065 911 4104 auctore
936 4061 1052 4124 κρύψομαι
1065 4058 1129 4104 enim
1141 4057 1224 4120 paucis
1235 4057 1407 4105 occurritante
1418 4071 1472 4104 ver-

374 4132 446 4183 factae
460 4132 598 4182 recensioni
613 4133 862 4182 tribuendoesuntaut
876 4133 909 4180 vi»
937 4134 1017 4191 sibus;
1045 4133 1134 4196 poterit
1161 4143 1241 4182 tamen
1269 4149 1317 4181 non
1340 4134 1471 4198 displicere

375 4209 465 4260 dentur
479 4208 625 4260 tribuendae.
644 4209 788 4260 Heliodorus
802 4220 911 4258 extremo
937 4211 1058 4260 nonnullis
1071 4212 1194 4275 repetitio.
1207 4211 1290 4259 Codex
1302 4222 1359 4274 post
1370 4213 1414 4273 ἐγώ
1425 4211 1470 4259 ad-

373 4286 438 4338 libro
454 4292 463 4336 1
479 4307 485 4337 :
502 4296 560 4348 πρὸς
582 4296 609 4339 τὸ
631 4296 750 4346 νησίον...
771 4291 823 4337 κατ’
842 4288 910 4338 αῦτό.
938 4289 973 4337 dit
986 4287 1182 4337 commodissime
1199 4295 1331 4357 προφέρειν,
1350 4300 1374 4338 et
1388 4306 1433 4354 pro
1448 4291 1471 4340 ὃν

375 4366 459 4416 Codex
493 4366 615 4427 Venetus,
647 4375 705 4436 πρὸς
732 4376 774 4424 τὴν
802 4379 911 4424 νῆσον...
938 4367 980 4415 dat
998 4368 1039 4423 ἅς,
1058 4365 1124 4430 quod
1142 4382 1190 4416 non
1211 4366 1471 4431 estvulgare.1de=n,

376 4447 428 4496 κατ’
440 4445 523 4503 αῦτη-ν.
534 4444 660 4507 bibamus,
673 4455 689 4496 t.
703 4446 743 4506 lv,
754 4462 779 4511 p.
798 4447 842 4494 113
855 4449 912 4496 τκθιν
939 4462 965 4509 [ι.
982 4444 1029 4494 855
1040 4463 1046 4493 ι
1058 4440 1132 4510 Ἔρως
1149 4447 1254 4497 ἅπτεται
1272 4452 1389 4510 ποταμοῦ·
1404 4451 1471 4496 πόθου
