3684 5659
806 626 962 688 ιιΕΛιιιιι
988 613 1031 687 ι’.
1394 624 1464 693 1413

373 761 501 830 λόοντα’
519 760 739 845 καταδικάζειν
763 764 835 851 ἐμέ,
862 765 959 853 σχολῇ
984 763 1015 854 γ’
1040 771 1093 842 άν,
1121 770 1148 827 εί
1170 788 1228 827 πον
1250 766 1353 853 φανείη
1377 767 1466 853 νόμος

373 871 492 951 ἐξωθῶν
505 881 561 941 τοῦ
572 871 771 967 δικαστηρίου
783 875 833 940 τόν
847 874 971 939 άλλοθεν
988 874 1112 939 ἐλθόντα
1128 875 1179 938 καί
1197 873 1313 957 νέηλυν,
1330 879 1468 966 συγγνῶ-

373 987 465 1051 σαιτό
480 1011 527 1062 τις
544 987 586 1074 μὴ
604 981 697 1051 εἰδότι
713 987 766 1050 καί
784 994 836 1061 τῆς
852 984 1007 1060 κολάσεως
1024 982 1230 1077 ἐξαιρήσοιτο.

421 1077 497 1161 ἡλλ’
515 1095 664 1162 άντιθολῶ
680 1095 778 1184 ὑμᾶς,
800 1092 963 1181 δικασταί,
984 1096 1098 1184 μᾶλλον
1122 1093 1155 1161 δέ
1179 1098 1228 1161 τὸν
1245 1095 1342 1189 βαρὺν
1364 1106 1467 1165 τοῦτον

371 1209 558 1300 κατήγορον,
577 1214 613 1279 ἡν
628 1232 685 1272 πον
701 1213 834 1272 τοιοῦτον
856 1206 929 1299 παρ’
946 1206 1015 1295 ὑμῖν
1038 1210 1090 1272 καί
1110 1217 1174 1282 τοῖς
1195 1207 1347 1300 ὑμετέροις
1367 1214 1468 1282 ἤθεσιν

372 1323 442 1401 εἴη,
461 1321 584 1410 φράζειν
602 1316 669 1405 ἐμοί
675 1364 685 1400 ,
704 1318 746 1392 ῶς
763 1317 799 1381 διν
813 1319 871 1404 μὴ,
891 1319 990 1382 πεσὼν
1007 1321 1048 1393 εἱς
1066 1317 1259 1408 άρκύστατα,
1279 1329 1358 1410 γνῶ,
1378 1321 1469 1387 ἄλλον

372 1428 491 1520 τρέχειν
508 1432 632 1520 άγῶνα,
653 1431 694 1504 είς
711 1428 801 1492 άλλον
819 1428 1031 1515 ἐμπεπτωκὼς.
1051 1432 1088 1493 Εί
1107 1425 1140 1492 δὲ
1163 1433 1222 1516 μή,
1249 1425 1317 1494 δότε
1340 1457 1390 1517 μοι
1414 1436 1469 1509 τάς

374 1537 511 1631 ἐγγύας,
527 1539 716 1631 παρακαλῶ,
735 1538 784 1603 ίνα
799 1539 987 1631 θαρρούντως
1001 1541 1160 1627 ἱστάμενος
1175 1540 1380 1631 ἀπολογοίμην
1397 1545 1470 1634 πρὸς

372 1650 429 1721 τὴν
447 1659 502 1726 τῆς
524 1649 596 1738 έμῆς
619 1651 773 1742 άριστείας
795 1651 998 1742 κατηγορίαν,
1021 1650 1056 1721 ἡν
1075 1652 1179 1721 καινὴν
1198 1642 1286 1726 οὗτος
1308 1654 1360 1715 καί
1386 1655 1470 1744 παρά

374 1770 482 1826 πάσαν
500 1757 685 1855 προςδοκίαν
702 1764 814 1853 εἰςοίγει
832 1786 869 1848 με
881 1763 932 1826 τόν
944 1761 1147 1853 ταλαίπωρον.

426 1854 454 1936 (λ
469 1869 541 1961 μέν’
556 1865 607 1936 οὖν
625 1867 739 1960 δῆμος,
759 1872 844 1959 μόλις
859 1870 1048 1962 άπαλλαγείς
1065 1878 1123 1937 τῶν
1143 1873 1176 1938 ἐκ
1195 1881 1248 1939 τοῦ
1261 1877 1391 1964 πολέμου
1408 1905 1469 1942 κα-

375 1993 453 2069 κῶν,
479 1983 591 2076 γέγηθέ
607 2009 639 2049 τε
663 1985 715 2049 καί
736 1993 967 2075 στερανηρορεῖ,
993 1986 1045 2048 καί
1069 1982 1211 2062 παιόινες3
1228 1988 1287 2051 ἀνά
1310 1990 1362 2059 τὴν
1386 1989 1471 2054 πόλιν

376 2100 555 2189 κροτοῦνται
567 2142 577 2180 ,
607 2097 659 2162 καί
686 2091 844 2183 πάνδημος
869 2100 976 2186 άγεται
1005 2097 1057 2160 καί
1087 2097 1250 2174 πολυτελὴς
1278 2099 1381 2192 ἑορτή,
1416 2103 1469 2166 καί

377 2203 480 2283 οὐδεὶς
503 2205 582 2284 όςτις
607 2215 661 2283 τῆς
684 2206 825 2282 τοιαύτης
849 2206 1017 2297 ἐλευθερίας
1042 2209 1133 2274 άλλον
1155 2209 1235 2301 λέγει
1259 2213 1309 2276 τόν
1333 2220 1432 2278 αἴτιον
1451 2213 1470 2283 ἡ

377 2317 445 2406 ἐμέ.
462 2320 523 2384 Καί
542 2314 582 2389 δὴ
598 2317 700 2383 πολλοί
718 2319 770 2382 καί
789 2326 846 2382 τῶν
869 2318 1050 2409 θερμοτέροιν
1073 2322 1112 2384 τά
1134 2319 1163 2395 ές
1183 2323 1282 2385 πίστιν
1308 2331 1345 2410 τῇ
1366 2323 1468 2404 πόλει,

378 2427 476 2519 ὥςπερ
500 2429 552 2521 καί
579 2427 763 2515 πέπεισμαι,
791 2426 866 2493 ἰέναι
888 2429 963 2518 πρὸς
985 2427 1054 2502 τοὺς
1078 2432 1230 2520 φράτορας
1250 2433 1468 2518 ἡτοιμάζοντο,

378 2543 587 2632 προτενοὺντες
604 2538 656 2608 τὴν
674 2540 840 2630 άριστείαν,
867 2539 920 2602 καί
943 2538 996 2608 τὴν
1017 2538 1088 2626 έμὴν
1112 2543 1154 2615 είς
1172 2541 1224 2610 τὴν
1240 2540 1391 2606 πολιτείαν
1407 2546 1470 2619 είς-

378 2651 514 2735 ποίησιν,
535 2650 577 2725 ὡς
595 2644 718 2713 δικαίαν
735 2649 786 2714 καί
802 2647 974 2740 πρέπουσαν
988 2657 1030 2737 τῷ
1047 2659 1162 2742 καιρῷ,
1182 2651 1391 2742 ψηρισόμενοι.
1411 2657 1469 2719 Καί

379 2763 440 2853 γάρ
458 2757 554 2837 οὕτως
570 2757 666 2849 εἶχον,
681 2762 733 2825 καί
751 2760 897 2836 πολλάκις
909 2761 1054 2851 λεγόντων
1066 2770 1152 2827 τινῶν
1165 2769 1293 2834 ἤκουον·
1308 2790 1322 2822 ιι
1341 2747 1381 2842 ίλς
1390 2758 1423 2830 εὖ
1437 2767 1472 2857 γέ

380 2896 430 2939 σοι
454 2881 499 2961 τῷ
521 2868 616 2960 ξένῳ,
638 2870 744 2965 ἐάνπερ
769 2870 843 2946 τέως
863 2870 950 2962 ἐνέχη
971 2881 1013 2960 τῷ
1035 2881 1087 2948 τῆς
1108 2870 1248 2950 ξενιτείας
1264 2879 1468 2967 προςρὴματι,

380 2984 434 3050 καί
455 2983 524 3074 οὐχί
543 2991 601 3049 τῶν
624 2982 759 3071 μάλιστα
781 2983 908 3048 πολιτῶν
926 2986 979 3048 καί
998 2981 1161 3072 ἡμεδαπῶν
1178 2979 1223 3050 eff!
1245 2979 1277 3051 εὖ
1296 2983 1330 3052 δέ
1348 3012 1396 3053 σοι
1418 2991 1469 3053 καί

380 3091 526 3184 μᾶλλον,
544 3095 609 3180 ότι,
627 3094 663 3160 οὐ
679 3096 761 3159 κατά
777 3094 862 3186 γένος
879 3097 938 3160 άπὸ
954 3096 1090 3188 πατέρων
1105 3100 1157 3162 καὶ
1173 3101 1301 3164 πάππων
1315 3100 1356 3175 ὡς
1370 3101 1396 3164 οἱ
1411 3100 1472 3165 λοι·

380 3209 451 3283 ποί,
478 3198 557 3271 άλλά
579 3206 630 3276 τὴν
654 3208 809 3298 ἀριστείαν
826 3207 866 3283 ὡς
884 3207 989 3294 μισθόν
1005 3207 1222 3295 καταθέμενος,
1242 3210 1343 3286 καλῶς
1359 3214 1411 3276 καί
1432 3214 1472 3288 ὡς

380 3313 431 3384 δεῖ
454 3316 752 3409 πεπολιτογράιρησαι
779 3309 820 3382 »ί
841 3319 900 3382 Καὶ
927 3319 955 3398 οἱ
980 3317 1033 3406 μὲν
1057 3328 1109 3395 τῆς
1135 3320 1249 3396 πόλεως
1271 3317 1365 3397 οὕτως
1389 3319 1472 3410 εἶχον

383 3427 469 3518 ἐμοί,
487 3429 540 3494 καί
556 3423 672 3519 δωρεάς
684 3428 736 3492 καί
751 3409 876 3514 μισθοὺς
889 3427 921 3492 ἐκ
935 3427 1046 3493 πολλοῦ
1060 3434 1112 3493 τοῦ
1125 3431 1276 3520 περιόντος
1289 3433 1468 3517 ἡτοίμαζον·

382 3539 471 3630 μένος
488 3534 518 3604 δ’
535 3527 622 3615 οὗτος
639 3538 654 3603 ὁ
671 3536 846 3630 φιλόπατρις
861 3539 913 3602 καί
934 3541 1066 3629 χρηστὸς
1083 3541 1134 3604 καί
1152 3547 1211 3604 τῶν
1227 3541 1323 3628 νόμων
1339 3537 1474 3632 ὑπέρμα-

419 3825 915 3878 *Sicuodex.Form'ouoeuur‘o’molbom.
944 3825 1030 3876 Ρτοδι.
1048 3824 1129 3876 Rhod.
1146 3827 1174 3887 θ,
1189 3842 1214 3892 p.
1234 3827 1266 3875 54
1281 3823 1339 3885 :‘ss;
1355 3823 1380 3877 εὖ
1399 3835 1424 3892 γέ
1441 3847 1477 3878 σοι

419 3903 652 3972 ’δολιολιδείιττρον
663 3913 787 3973 προοίμιον
800 3908 824 3964 ἐξ
834 3904 919 3962 ὑπολή-
945 3905 1035 3968 γίνοιτο
1057 3916 1099 3960 τῆς
1117 3908 1224 3968 ὁμιλίας,
1250 3912 1337 3971 Μικρὸν
1362 3907 1476 3970 διασχών,

385 3991 445 4050 ψτως
455 3991 498 4035 τοῦ
506 3989 657 4053 πράγματος.
946 3984 1014 4041 ιῖπα,
1031 3993 1103 4048 σιμνὴ
1120 3990 1228 4053 παρθένε.
1247 3985 1328 4034 philea
1349 3984 1478 4049 Epitaphio

418 4062 503 4114 ⁸Cod.
516 4063 612 4113 videtur
623 4061 740 4113 exhibere
753 4069 858 4120 παιάνις.
871 4062 920 4112 Sed
947 4063 1103 4128 Pachymeris
1113 4063 1177 4128 quod
1189 4062 1324 4128 praefationi
1335 4061 1477 4125 subjungam

385 4141 450 4191 adeo
465 4141 616 4193 deformibus
633 4141 708 4192 utitur
725 4159 791 4207 saepe
809 4142 921 4192 librarius
948 4143 968 4189 Ῠ
984 4143 1014 4190 88
1027 4159 1032 4188 :
1045 4139 1082 4197 Ὠς
1100 4137 1124 4189 εὖ
1140 4147 1165 4203 γέ
1179 4160 1215 4190 σοι
1231 4148 1318 4202 γένοιτο
1331 4147 1369 4188 καί
1382 4150 1428 4189 τῶν
1441 4147 1479 4189 νῦν

385 4221 488 4281 litteris,
501 4230 527 4270 ut
538 4229 640 4278 παιᾶνες·
647 4221 710 4286 legi,
725 4230 795 4286 puto,
808 4220 919 4270 voluerit.
948 4225 1028 4284 λόγων.
1043 4219 1101 4280 Ωιιτο
1117 4220 1230 4283 exempla
1242 4219 1266 4266 in
1278 4234 1351 4267 causa
1368 4228 1425 4267 sunt
1436 4233 1480 4267 cur

386 4298 481 4365 videp.
493 4301 535 4358 66,
548 4315 572 4351 π.
585 4303 613 4360 33
631 4301 688 4359 119,
701 4301 740 4349 11.
948 4314 996 4347 non
1012 4296 1165 4362 scripserim,
1179 4303 1259 4352 ἤκουον
1270 4301 1300 4353 ὡς
1312 4315 1324 4340 ιι
1335 4293 1380 4356 Εὖ,
1393 4295 1437 4346 sed
1451 4302 1481 4354 ὡς

419 4376 535 4428 ‘Forsan
553 4378 713 4441 repetendum
732 4373 756 4428 εὖ
777 4383 803 4441 γέ
821 4397 857 4428 σοι
882 4383 922 4426 καί
949 4377 980 4426 ab
1001 4373 1025 4424 εὖ
1045 4391 1093 4424 non
1112 4374 1279 4440 disjunxerim.
1299 4376 1395 4442 Optime
1411 4381 1441 4435 ὡς
1456 4377 1480 4424 iu

384 4461 489 4522 μᾶλλον,
514 4456 606 4522 majore
635 4471 690 4507 cum
720 4457 752 4506 ι’ἰ.
780 4456 923 4505 Theodorus
949 4455 1061 4521 optativis
1074 4455 1199 4504 sententiis
1209 4455 1289 4506 locum
1301 4455 1382 4505 habet.

1306 4540 1342 4594 15
