3684 5659
378 614 448 685 178
711 625 745 683 Γ.
774 623 849 684 ΤΟΥ
873 621 1130 684 ΠΑΧΥΜΕΡΟΥΣ

374 753 527 822 παιδεύειν
540 758 589 822 τὸν
604 754 634 833 ἐξ
648 756 741 821 αῦτοῦ
756 767 890 848 κρεῖττον
907 759 927 830 ἦ
944 759 1026 823 κατὰ
1046 759 1099 827 τὴν
1112 758 1246 852 μητέρα,
1268 761 1326 826 κάν
1343 761 1473 852 σώφρων
1519 842 1521 850 Ι

374 863 409 938 ἦν
427 867 522 939 ἐκείνη
540 870 591 934 καὶ
609 877 667 933 τῶν
681 869 748 933 λίαν
768 878 895 956 σεμνῶν.
916 871 989 934 Επεὶ
1010 865 1043 933 δὲ
1057 870 1110 940 τὴν
1127 868 1180 956 μὲν
1198 869 1228 946 ἐς
1243 873 1284 936 τά
1298 874 1470 963 πράγματα

374 979 527 1070 ἐμπειρίαν
545 977 668 1043 αῦτόθεν
690 983 769 1068 ἔχειν
789 979 896 1070 ὀφείλει
914 972 938 1065 ᾧ
955 979 1096 1066 μετέσται
1114 988 1167 1055 τῆς
1184 979 1315 1048 ἐνταῦθα
1330 979 1469 1074 παρόδου

374 1090 425 1152 καί
452 1097 504 1164 τῆς
532 1085 661 1172 βουλῆς,
693 1090 750 1153 κάν
780 1092 868 1160 ἀπείη
898 1098 1007 1180 γνῶσις
1033 1095 1085 1155 τοῦ
1109 1086 1294 1176 βουλευτοῦ,
1321 1089 1410 1158 οῦδὲν
1433 1095 1468 1160 ἀν

375 1191 523 1290 ἐγκριθείη
541 1208 603 1274 τοῖς
621 1199 743 1283 ἀλλοις,
763 1201 819 1265 κάν
836 1209 895 1266 τῶν
912 1200 1038 1292 εῦγενῶν
1056 1197 1142 1290 ᾖκαί
1163 1204 1335 1294 σωφρόνων,
1355 1206 1375 1275 ἡ
1392 1203 1465 1270 ἑκα·

374 1310 459 1402 τέρον
478 1306 511 1375 δέ
528 1320 591 1374 τοῖν
613 1311 726 1402 γονέοιν
749 1313 846 1376 κακία
870 1315 1003 1386 ζητεῖται
1028 1313 1080 1376 καὶ
1104 1313 1178 1399 μόνη
1200 1314 1274 1404 πρὸς
1295 1315 1330 1378 τὸ
1353 1317 1462 1408 παρόν,

374 1421 485 1511 ποτέρα
504 1417 614 1510 αἶσχος
631 1422 731 1486 πλεῖον
747 1430 790 1508 τῷ
805 1421 898 1508 τέκνῳ
914 1423 1091 1512 προςθήσειν
1108 1423 1158 1487 οία
1173 1421 1206 1486 τέ
1224 1422 1307 1504 ἐστι,
1327 1426 1380 1488 καί
1397 1428 1463 1491 ἀτι-

374 1533 446 1618 μίαν
462 1532 625 1623 προςάψειυ
641 1531 725 1619 καλῷ
743 1557 777 1623 γε
799 1538 859 1596 ὅντε
882 1534 935 1596 καὶ
954 1533 1100 1623 σώφρονι,
1122 1532 1225 1608 καῖές
1242 1540 1337 1624 ἀκρον
1354 1533 1463 1606 ἐληλα-

374 1643 439 1706 κότι
460 1644 615 1733 γνώσεως·
638 1648 695 1708 ποῦ
720 1639 838 1707 δίκαιον
860 1643 901 1730 μὴ
924 1642 993 1718 τοῦς
1014 1643 1121 1733 γονέας
1140 1642 1250 1719 αῦτοῦς
1268 1643 1340 1708 καθ’
1360 1643 1464 1722 αῦτοῦς

374 1749 585 1834 ἐξετάζεσθαι,
613 1760 692 1843 εἴπερ
720 1753 734 1818 ὁ
759 1754 858 1844 πατὴρ
887 1753 1035 1845 πορνεύων
1059 1751 1171 1843 αἶσχος
1193 1753 1343 1846 προςάψει
1368 1755 1464 1822 πλεῖον

373 1872 416 1950 τῷ
429 1861 460 1940 ἐξ
474 1863 585 1940 αὐτοῦ,
604 1867 761 1928 κάντεῦθεν
773 1874 809 1954 τῇ
824 1865 907 1929 πόλει
922 1861 1164 1956 δημηγοροῦντος
1176 1864 1284 1948 αῦτοῦ,
1299 1865 1319 1936 ἢ
1335 1867 1355 1936 η
1370 1870 1463 1958 μήτηρ

374 1974 479 2066 ἑταίρα
496 1999 530 2064 γε
547 1967 625 2039 οῦσα
642 1977 693 2039 καὶ
712 1985 776 2050 τοῖς
793 1971 988 2062 βουλομένοις
1008 1972 1130 2050 ἔκδοτος
1137 2022 1148 2059 ,
1168 1976 1219 2039 καὶ
1238 1971 1334 2061 μηδέν
1352 1979 1463 2064 ἔχουσα

373 2085 411 2147 τά
428 2092 483 2148 ’ίσα
498 2093 567 2159 ταῖς
590 2084 776 2176 ἐλευθέραις,
802 2086 859 2149 κάν
882 2083 959 2177 βρῦη
982 2087 1109 2175 γνώσει,
1134 2086 1191 2148 κάν
1212 2085 1332 2173 πλούτῳ
1356 2083 1461 2178 βρίθῃ,
1518 2110 1520 2115 ·

373 2195 429 2258 κάν
446 2198 522 2269 Λαῖς
544 2195 578 2258 τὸ
598 2195 708 2270 κάλλος
733 2196 809 2266 άλλη
831 2221 876 2270 τις
897 2192 934 2285 ᾖ,
959 2198 1010 2261 καὶ
1038 2181 1126 2266 ἧττον
1150 2191 1236 2260 οῦδέν
1259 2195 1274 2259 ὁ
1299 2194 1333 2259 ἐκ
1357 2195 1464 2272 ταύτης

372 2306 445 2395 πρὸς
462 2306 572 2382 κάλλος
591 2308 643 2371 καὶ
660 2307 786 2371 πλοῦτον
802 2309 853 2370 καί
873 2306 990 2371 δῦνεσιν
1007 2308 1166 2397 φαίνηται;
1185 2282 1303 2392 Ιῦψεται
1316 2315 1361 2392 τῷ
1376 2309 1461 2398 πατρί

372 2417 406 2479 τὸ
423 2417 541 2502 τέκνον,
565 2420 616 2482 καί
641 2416 805 2481 ἀσωτεῦσει
827 2418 907 2480 κατὰ
928 2418 977 2481 τὸν
997 2417 1114 2507 πατέρα
1136 2418 1277 2495 κάκεῖνος
1301 2416 1464 2482 ἀπελατέον

372 2531 491 2604 πάντως
502 2538 555 2604 τῆς
565 2526 689 2604 τενυκῦς1
703 2529 753 2593 τὸν
766 2529 842 2607 υἱόν,
859 2526 1023 2592 άπελατέον
1036 2524 1069 2591 δὲ
1084 2526 1176 2591 αῦτοῦ
1191 2528 1290 2616 γεκαὶ
1304 2536 1359 2602 τῆς
1374 2527 1463 2592 αῦτοῦ

373 2640 523 2714 ἀσωτείας
540 2639 638 2704 ἕνεκα.
659 2641 694 2702 Τί
711 2643 876 2726 ζητήσομεν
892 2639 942 2702 τὸν
959 2638 1096 2729 πατέρα,
1120 2639 1161 2713 ὡς
1179 2637 1312 2702 ἐντεῦθεν
1330 2635 1461 2704 καταδι-

372 2752 467 2813 κάσαι
481 2752 530 2814 τὸν
545 2750 625 2826 νέον;
643 2754 729 2840 ἀρκεῖ
743 2749 874 2841 ἐκατέρῳ
890 2752 932 2823 εἰς
946 2751 1070 2835 ἀτιμίαν
1085 2750 1118 2812 τὸ
1135 2747 1228 2812 αῦτοῦ
1244 2747 1459 2836 πλημμέλημα.

372 2839 444 2921 Ᾰλλ’
462 2858 520 2945 οὐχ
539 2858 643 2945 ἕψεται
661 2868 697 2947 τῇ
716 2862 823 2948 μητρί,
844 2860 894 2922 καὶ
913 2857 1008 2946 ταῦτ-ρ
1033 2860 1130 2945 ἀτίμῳ
1152 2883 1186 2948 γε
1208 2859 1284 2946 οῦση
1302 2855 1371 2923 οὐδ’
1390 2857 1461 2936 ῦλως

372 2964 605 3052 ἐξισωθήσεται,
632 2968 699 3033 ἀλλ’
717 2976 824 3055 ἀτιμος
845 2979 926 3055 μενεῖ
942 2969 1032 3032 πάλιν
1049 2972 1100 3033 καί
1123 2970 1215 3043 καλὸς
1234 2969 1274 3033 ὢν
1296 2972 1459 3033 ταῦτακαὶ

373 3079 495 3169 σώφρων
509 3082 558 3143 καί
576 3088 635 3143 τῶν
649 3088 776 3166 σεμνῶν.
793 3082 849 3142 Διά
863 3082 892 3142 τί
900 3100 909 3157 ;
931 3078 975 3144 ὅτι
993 3081 1026 3143 τὸ
1046 3089 1098 3156 τῆς
1116 3081 1226 3171 μητρὸς
1242 3077 1355 3168 αἶσχος
1371 3079 1460 3143 ἐκεῖνο

372 3192 423 3252 καὶ
444 3193 486 3264 εἰς
501 3191 551 3254 τὸν
571 3191 635 3254 υἱὸν
656 3194 802 3254 κάτεισιν.
825 3187 911 3254 Οῦτω
930 3193 987 3281 γάρ
1007 3199 1049 3276 τῷ
1067 3192 1146 3277 νόμῳ
1165 3186 1319 3254 δοκεῖκαὶ
1340 3195 1418 3254 ἐστιν
1434 3187 1461 3253 ἐν

371 3309 428 3364 τῶν
446 3302 505 3366 ἀπὸ
522 3303 618 3389 νόμων
635 3305 801 3394 προςτίμων
817 3311 853 3390 τῇ
870 3304 981 3392 πόρνη,
1007 3303 1040 3365 τὸ
1062 3297 1139 3388 μηδέ
1159 3303 1208 3365 τὸν
1226 3299 1256 3378 ἐξ
1274 3301 1369 3377 αὐτῆς
1385 3305 1459 3365 ἔντι-

372 3438 426 3498 μον
443 3411 519 3478 εἶναι
533 3423 570 3503 τῇ
585 3414 685 3498 πόλει,
706 3414 784 3477 άλλά
801 3413 870 3478 κατ’
886 3413 978 3482 αῦτην
993 3412 1105 3483 ε’κείνην
1120 3418 1219 3477 κοινοῦ
1234 3409 1394 3504 συνεδρίου
1411 3412 1459 3475 καὶ

372 3525 461 3589 αὐτὸν
480 3524 714 3590 ἀπελαύνεσθαι.
739 3526 778 3589 Τὸ
800 3530 871 3615 γοῦν
897 3525 1004 3610 σεμνὴν
1027 3524 1079 3591 τὴν
1097 3523 1211 3613 μητέρα
1229 3519 1306 3586 εἶναι
1326 3525 1378 3586 καί
1399 3521 1459 3585 σώ-

371 3658 464 3723 φρονα
488 3638 539 3699 καί
567 3637 688 3705 συνετηυ
713 3638 754 3709 εἰς
777 3635 873 3698 πολλά
898 3633 951 3697 οῦκ
976 3635 1086 3703 ὀνίνησι
1108 3635 1157 3697 τὸν
1183 3634 1264 3717 υἱόν,
1292 3634 1329 3697 ἀν
1355 3634 1461 3710 ἐκεῖνος

371 3739 608 3830 δοκιμαζέμευος
618 3741 764 3830 ἀδόκιμος
778 3745 938 3833 φαίνηται,
953 3745 1005 3806 καὶ
1020 3744 1119 3816 τὸτῆς
1132 3744 1243 3833 μητρὸς
1255 3742 1461 3831 πλεονέκτημα

371 3854 405 3918 οῦ
423 3851 589 3918 διαβαίνειν
608 3852 671 3919 οἶδε
688 3858 738 3918 καὶ
757 3856 830 3945 πρὸς
846 3855 895 3918 τὸν
913 3854 976 3917 υἱὸν
995 3855 1190 3942 ἀναγκαίοις·
1209 3855 1242 3916 τὸ
1257 3849 1286 3916 δ’
1303 3853 1461 3942 ἐλάττωμα

371 3962 570 4050 διαβήσεται,
590 3968 641 4030 καὶ
661 3965 755 4055 ὥςπερ
774 3965 866 4035 αὐτὴν
884 3961 976 4056 ἐφέξει
995 3970 1082 4028 τοῦτο
1105 3973 1157 4038 της
1180 3972 1238 4028 τῶν
1262 3963 1390 4054 εῦγενῶν
1410 3967 1460 4030 καί

371 4079 528 4170 σωφρόνων
553 4078 603 4141 καὶ
630 4084 744 4164 σεμνῶν
767 4078 957 4166 παρρησίας,
984 4072 1060 4138 οῦτω
1086 4077 1224 4138 κάκεῖνον
1251 4072 1384 4166 ἀπείρξει
1409 4081 1460 4139 τοῦ

370 4186 507 4275 βήματος
529 4188 620 4253 ταῦτὸ
642 4193 728 4253 τοῦτο
751 4188 784 4251 τὸ
808 4196 860 4262 τῆς
883 4189 994 4277 μητρὸς
1016 4185 1189 4273 ἐλάττωμα.
1211 4166 1345 4261 Ᾰναιδίης
1366 4187 1460 4256 ἐκείνη

405 4436 517 4498 «ιιωιιςι
529 4454 552 4499 p.
570 4437 663 4496 ωηο.
679 4439 703 4485 ι.
