3684 5659
372 593 420 664 42
706 596 742 653 Γ.
769 591 844 652 ΤΟΥ
868 586 1145 650 ΠΑΧΥΜΕΡΟΥΣ.

372 731 506 819 δύνωμαι
521 729 615 820 λέγειν
633 725 697 814 μετ’
710 726 892 811 ἐπιστήμης,
907 726 959 787 καὶ
978 723 1085 814 τρόπον
1099 722 1130 786 ὃν
1147 722 1174 784 οἱ
1188 723 1310 811 ῥήτορες
1324 715 1462 805 οἴδασιν,

370 840 470 918 ἀλλά,
489 837 669 929 δεχομένρυς
690 831 752 901 οἷον
772 834 805 899 ἐκ
823 842 882 899 τῶν
898 833 996 924 λόγων
1012 832 1068 907 τάς
1089 833 1246 922 ἀφορμάς,
1272 829 1464 922 ἀναπληροῦν

371 977 422 1038 μοι
438 951 471 1015 τὸ
489 949 587 1014 λεῖπον
600 949 651 1012 κά
668 951 721 1010 τοῦ
735 944 808 1032 ἐμοῦ
822 939 945 1008 δικαίου
962 941 1170 1032 συλλήπτορας
1186 941 1359 1030 φαίνεσθαι.
1373 937 1462 1005 Οῦτω

371 1065 431 1154 γάρ
442 1063 478 1126 ἀν
488 1063 539 1125 καὶ
554 1060 709 1149 Θαρρήσω,
722 1058 773 1121 καί
788 1055 884 1146 λέγειν
899 1053 1031 1142 ἰσχῦσω,
1042 1055 1094 1117 καί
1106 1052 1178 1142 πρὸς
1188 1053 1222 1117 τὸ
1237 1049 1376 1141 ἔγκλημα
1390 1053 1467 1122 στή-

372 1196 481 1260 σομαι.

420 1264 447 1348 ὁ
473 1277 538 1370 μὲν1
564 1272 614 1345 οῦν
640 1281 829 1369 κατήγορος,
857 1270 1070 1354 ώδικασταί,
1095 1270 1192 1365 βαρὺς
1213 1270 1283 1338 κατ’
1315 1271 1401 1359 ἐμοῦ·
1430 1275 1466 1338 τὸ

371 1392 402 1460 δ’
414 1395 551 1485 ἔγκλημα
561 1395 661 1477 μεῖζον
675 1390 694 1461 ή
706 1387 776 1454 κατ’
786 1386 849 1474 ἐμέ·
867 1387 881 1450 6
897 1383 947 1451 δὲ’
957 1387 1060 1473 παρὼν
1077 1385 1160 1475 ἀγών
1177 1383 1231 1448 οῦκ
1241 1380 1273 1460 ἐξ
1283 1377 1373 1448 ῖσων’
1382 1382 1466 1472 αὐτῷ

371 1529 403 1570 τε
415 1510 522 1591 κάμοι.
537 1483 609 1566 Ᾰλλ’
621 1499 714 1576 αῦτὸς
727 1498 779 1586 μέν
791 1496 884 1562 -οῦ
901 1491 1051 1582 δύναμαι*
1068 1491 1101 1559 δὲ
1119 1489 1279 1586 δνςχερές“
1296 1496 1389 1559 εἰπεῖν
1405 1496 1465 1586 ἀρ-

372 1616 500 1703 χόμενος
516 1616 569 1677 τοῦ
593 1610 703 1701 λόγου·
725 1609 801 1680 πλήν
822 1609 904 1672 άπαν
922 1605 1037 1695 ἐπαίρει
1054 1606 1088 1669 τὸ
1105 1602 1216 1680 πλῆθος
1232 1606 1314 1670 κατὰ
1329 1609 1466 1692 τοῦμη-

373 1722 423 1791 δέν
440 1721 663 1797 ἀδικήσαντος,
683 1721 735 1785 καί
754 1718 910 1810 γλώσσαις
927 1723 1139 1806 συγκροτεῖται
1159 1714 1305 1799 πολλαῖς,
1324 1713 1354 1779 ἓν
1371 1714 1465 1805 ἐχού-

374 1860 443 1911 σαις
460 1835 596 1908 ἁπάσαις
614 1827 754 1917 βούλημα
775 1829 830 1893 καί
853 1826 1037 1909 σκοπόν,’τὸ
1062 1824 1181 1900 ἑαυτοῖς
1204 1822 1325 1910 βοηθεῖν
1346 1829 1399 1892 καί
1425 1837 1469 1915 τῷ

374 1941 480 2030 δήμῳ,
498 1942 613 2006 καὶτὸν
630 1940 700 2026 ἐμὸν
716 1940 845 2003 θάνατον
860 1941 1003 2000 τοσοῦτον
1019 1937 1161 2025 ἡγεῖσθαι
1179 1936 1214 2000 τὸ
1232 1931 1352 2001 δίκαιον
1370 1940 1464 2026 ἔχειν,

374 2053 443 2119 ὅσον
459 2053 511 2117 καί
535 2050 640 2141 λύτρον
660 2050 790 2136 νομίζειν
812 2047 919 2135 ψυχῶν
942 2045 1233 2139 ταλαιπωρουμένων
1253 2046 1287 2111 ἐκ
1308 2053 1363 2111 τοῦ
1385 2070 1467 2135 συμ-

373 2161 480 2237 όάντος
498 2160 599 2246 λιμοῦ.
618 2140 695 2246 Ιίμοί
714 2155 818 2223 δὲκαὶ
836 2159 918 2245 μόνῳ
934 2160 986 2222 καὶ
1006 2154 1133 2246 ἰδιώτῃ,
1151 2158 1204 2222 καί
1220 2158 1309 2222 τόσον
1324 2155 1469 2247 ἐγκεκλη-

373 2252 451 2357 μένῳΙ
464 2269 572 2353 κακόν,
588 2270 633 2343 τίς
651 2269 687 2332 ἀν
703 2267 817 2359 γένοιτο
832 2267 960 2358 γλῶσσα
977 2267 1051 2359 πρὸς
1062 2267 1171 2358 λόγους
1187 2265 1354 2358 αὐτάρκης,
1370 2271 1396 2332 εἰ
1411 2263 1471 2355 μή“

372 2377 522 2470 παρευθῦς
544 2378 747 2466 καταπέσοιμι
770 2381 822 2444 καὶ
845 2378 898 2449 τήν
924 2375 1010 2451 δίκην
1033 2377 1254 2468 ἐφελκυσαίμην
1275 2378 1345 2443 κατ’
1368 2378 1468 2466 ἐμαυ-

372 2493 445 2566 τοῦς
472 2490 530 2553 Καὶ
559 2491 618 2582 γάρ
644 2487 721 2556 οῦτω
745 2486 841 2566 δεινὸς
862 2490 880 2554 6
899 2493 1089 2581 κατήγορος,
1115 2486 1183 2564 ώςτ’
1211 2491 1395 2579 ἀναγκάζειν
1418 2489 1470 2578 ἐμὲ

373 2599 415 2686 μή
431 2601 505 2691 πρὸς
523 2600 614 2667 αῦτόν
636 2602 853 2693 ἀπολογεῖσθαι
876 2603 929 2666 καί
954 2602 1055 2688 μόνον,
1080 2600 1252 2695 ἀλλὰπρὸς
1275 2600 1471 2667 ἅπαντα-τὸν

373 2706 469 2797 δήμου
484 2713 536 2776 καί
555 2720 658 2776 πᾶσαν
678 2714 730 2782 τήν
747 2712 846 2788 πόλιν,
866 2712 901 2782 ἣν
922 2708 1061 2782 ἀδικοίην
1083 2711 1120 2774 ἀν
1141 2711 1263 2786 εἰκότως
1270 2757 1280 2793 ,
1302 2710 1467 2802 ὁμολογῶ,

374 2829 403 2886 ε’(
416 2823 446 2886 τί
461 2846 519 2886 που
536 2820 643 2892 συνέόη
662 2818 762 2911 βαρύ,
782 2822 838 2886 κάν
862 2819 935 2906 ἐμοῦ
954 2821 995 2905 μή
1017 2819 1172 2902 Θέλοντος,
1194 2821 1245 2883 καί
1266 2815 1319 2882 διὰ
1342 2822 1396 2891 τήν
1416 2822 1470 2888 τέ-

376 2956 449 3021 χνην
459 2934 511 3003 τήν
526 2933 598 3020 ἐμήν
614 2935 783 3020 πάσχουσι.
798 2931 878 3000 Πλήν
893 2930 974 3014 ἀλλ’,
991 2926 1093 2999 ἐπειδή
1109 2929 1245 3020 ἔγκλημα
1258 2931 1311 2993 καί
1325 2939 1470 3022 πρᾶγμα,

377 3043 521 3136 σύνεγγυς
538 3050 602 3109 ’όντε
615 3053 678 3118 τοῖς
694 3043 842 3129 ὀνόμασι,
857 3049 894 3128 τῇ
909 3035 1033 3126 δυνάμει
1048 3035 1240 3120 διίστανται,
1257 3041 1309 3104 καί
1329 3042 1470 3131 ἔγκλημα

314 3182 317 3189 ·
377 3152 429 3240 μὲν
453 3153 469 3219 6
494 3180 539 3231 τις
565 3155 602 3219 ἀν
627 3152 701 3218 ἑκών
728 3147 863 3225 ἐπίτηδες
890 3145 1004 3241 πράξῃἿ
1031 3152 1113 3214 κατά
1140 3173 1220 3225 τινος
1244 3151 1348 3241 γνώμη
1374 3163 1469 3243 κακῇ,

377 3272 503 3354 πρᾶγμα
520 3261 554 3329 δὲ
574 3264 644 3357 ὅπερ
665 3290 710 3341 τις
727 3261 773 3329 ἐπ’
792 3262 927 3349 εῦμενείᾳ
945 3261 1091 3337 πολλάκις
1108 3257 1236 3353 πράξοι,
1257 3262 1313 3326 κάν
1330 3266 1473 3350 τοῦμπα·

379 3375 423 3439 λιν
440 3375 581 3466 γένηται,
603 3378 725 3441 κάκεῖνο
745 3373 796 3463 μὲν
814 3375 952 3461 μιοητόν,
972 3378 1059 3438 τοῦτο
1084 3369 1118 3453 δὲ
1141 3374 1298 3465 συγνώμης
1322 3373 1419 3460 ἐντός,
1440 3378 1474 3440 τὸ

378 3482 431 3571 μἐν
447 3486 559 3562 πλῆθος
576 3488 686 3577 ἀρτίως
698 3490 905 3579 παραιτοῦμαι
920 3493 973 3560 τῆς
987 3484 1102 3559 πόλεως
1115 3485 1157 3571 μή
1175 3479 1377 3570 δυςμεναίνειν
1391 3484 1470 3573 ἐμοί,

378 3602 435 3659 κάν
455 3620 513 3661 που
530 3599 581 3661 καί
607 3596 715 3667 συνέόη
738 3604 796 3661 τῶν
819 3591 1012 3666 ἀῦουλήτων8
1029 3598 1080 3659 καί
1106 3591 1231 3665 ἀηδῶν·
1252 3593 1348 3682 τούτῳ
1372 3591 1406 3660 δέ
1432 3606 1474 3684 τῷ

413 3859 419 3883 ⁴
433 3857 525 3908 Schola
536 3859 641 3928 δεύτερον
651 3866 774 3926 προοίμιον
786 3862 809 3918 ἐξ
821 3859 912 3914 ῦπολή-
972 3853 1073 3916 ⁵Fon,
1086 3855 1151 3918 δνςχ·
1166 3855 1239 3918 οῦδίν,
1253 3858 1360 3925 δυςχιρίς
1371 3879 1405 3910 τι.

381 3942 439 4001 ψεως
450 3944 491 3987 τοῦ
505 3945 639 4004 προςώπον.
975 3932 984 3958 ⁰
997 3932 1123 3994 Fortasse,
1138 3938 1155 4003 ᾖ
1161 3942 1204 3999 μή.

415 4013 533 4074 ’Μοίίιικ
548 4021 560 4067 ὁ
577 4017 705 4086 γάμῖτι.
976 4009 1099 4073 ⁷Codex,
1129 4019 1220 4080 πράξῃ,
1247 4017 1417 4082 superscripto
1443 4039 1476 4071 οι.

415 4093 502 4144 ⁸Cod.
520 4096 608 4155 ἐξίσωι.
630 4093 714 4146 Codex
741 4093 804 4143 infra
825 4092 913 4155 habet,
942 4089 1009 4156 uugi
1023 4090 1211 4156 subjunctivum.

382 4175 406 4231 ἐξ
420 4176 479 4224 ἴσον.
492 4175 638 4240 Plerumque
649 4173 706 4224 talia
716 4172 850 4237 composita
861 4173 915 4223 dis-
975 4166 1058 4218 'Puto
1073 4170 1189 4220 omissum
1204 4192 1228 4222 τι
1242 4191 1248 4221 z
1266 4173 1307 4222 κᾶν
1330 4177 1376 4224 ποὺ
1391 4193 1415 4223 τι
1436 4181 1477 4224 καί

380 4267 532 4367 ’Πῐδςὲδίίοίο
548 4320 718 4374 ἀποσιώπησις·
734 4315 825 4368 Εθᾶθῐῃ
840 4316 916 4381 figura
942 4247 1478 4396 6666&6666566606666666611560666]

383 4394 458 4443 utitur
469 4394 723 4446 Declamationexul.
944 4405 995 4453 cuit
1004 4416 1029 4454 et
1038 4407 1189 4460 melioribus.
1201 4408 1238 4460 Cf.
1251 4426 1277 4474 p.
1291 4409 1333 4468 4⁷,
1347 4413 1369 4458 1.
