3684 5659
746 613 902 675 ΜΕΛΕΤΗ
929 602 976 674 E'.
1359 608 1406 678 87

313 745 463 836 ὁσημέραι
481 745 744 831 ἀντιταττόμενοι,
764 749 915 836 κρείττους
930 750 1071 837 ὤφθησαν
1087 756 1146 812 τῶν
1158 750 1225 813 τότε
1239 747 1338 840 φόθων
1354 751 1406 815 καί

311 863 366 924 τοῦ
384 859 513 948 καιροῦ,
535 855 587 920 καὶ
613 850 730 931 ἔδειξαν
749 857 877 921 θάνατον
898 856 1006 922 εὐκλεᾶ
1026 855 1165 935 δουλείας
1181 862 1332 950 ἀπρεποῦς
1350 862 1407 925 οἱν-

312 965 518 1061 θαιροόριενοι.
538 971 586 1030 Κα

311 1077 421 1166 μένων,
447 1080 488 1142 τὰ
509 1076 622 1143 τούτων
647 1080 808 1165 μνήματα,
835 1068 871 1142 ἵν’
890 1082 1011 1167 ἔχοιμεν
1034 1075 1153 1162 βλέπειν
1169 1080 1242 1171 πρὸς
1258 1080 1406 1164 ἐκείνους,

311 1191 364 1255 καί
381 1191 523 1281 προίττειν
537 1186 596 1253 ὅσα
613 1182 651 1258 clii
665 1189 717 1252 καί
734 1187 909 1278 πραχθέντα
926 1183 1017 1265 θόξαν
1033 1192 1097 1277 ἔχει
1114 1198 1150 1278 τῇ
1163 1190 1246 1255 πόλει
1259 1185 1408 1277 μηθέποτε

311 1299 484 1390 λήγουσαν.

360 1412 399 1475 Et
415 1407 505 1501 γοῖιν1
518 1408 642 1503 καιροὺς
658 1405 824 1500 tpt'iotpeu¹
840 1410 892 1472 καί
908 1407 1058 1479 ἀναθολὴν
1069 1406 1314 1500 ὑπερτιθείμεθα,
1329 1420 1409 1497 μενεῖ

311 1544 347 1610 γε
375 1521 429 1584 καί
456 1518 544 1594 είςέτι
567 1520 638 1606 ἡμῖν
659 1521 678 1589 ἡ
702 1519 761 1582 ἀπὸ
785 1518 922 1609 πατέρων
947 1524 1100 1608 προςοῦσα
1124 1514 1200 1594 θόξοι
1221 1520 1257 1591 ἣν
1282 1524 1406 1607 ἔχομεν;

311 1611 384 1721 Εγὼ
401 1627 456 1719 μὲν
473 1628 528 1694 οὐκ
546 1625 648 1716 οἶμαι·
667 1627 746 1693 ἀλλὰ
763 1628 816 1693 καὶ
835 1627 1029 1715 μᾶλλον,καὶ
1050 1629 1085 1699 ἣν
1102 1627 1260 1716 ἐμέλλομεν
1273 1639 1359 1717 σχεῖν
1376 1629 1409 1694 έκ

311 1746 367 1807 τοῦ
391 1737 519 1818 ἐξελθεῖν
541 1738 661 1830 ταχέως
677 1739 729 1803 καὶ
747 1738 899 1825 πολεμεῖν,
921 1738 975 1803 οὐκ
992 1739 1029 1803 ἂν
1046 1738 1179 1829 γένοιτο,
1198 1740 1250 1804 καί
1270 1744 1295 1804 εί
1312 1740 1410 1807 πολλοὶ

312 1853 391 1939 μετόι
414 1855 514 1919 ταῦτα
535 1853 697 1939 κοίροιμεν.
723 1829 1040 1939 Ᾰποκαραθοκήσουσι
1061 1852 1121 1941 γὰρ
1138 1830 1282 1926 Ελατεῖς,
1302 1846 1406 1938 οἶμαι,

312 1964 366 2028 καλ
383 1961 474 2029 πλέον
491 1966 544 2027 τοῦ
564 1962 679 2037 εἰκότος
694 1960 745 2025 τόν
761 1959 909 2024 Φίλιππον
927 1959 1164 2050 θεραπεύσουσι,
1183 1959 1340 2052 εὐεργέτην
1356 1963 1408 2027 καὶ
1427 2027 1429 2030 .

314 2072 417 2166 κόριον
433 2071 705 2164 ἀνομολογοῦντες,
721 2071 773 2135 καὶ
792 2068 880 2135 πάντ’
899 2069 982 2157 αὐτῷ
998 2069 1180 2146 ὑπείκοντες.
1200 2052 1226 2135 (λ
1243 2066 1273 2134 θ’
1292 2073 1411 2137 ἀποσε-

313 2191 482 2271 μνυνεῖται,
498 2183 539 2260 ὡς
552 2185 619 2258 ἔθος
632 2181 748 2268 ἐκείνῳ,
764 2181 816 2246 καί
833 2182 1083 2270 εἰρωνενσοίμενος
1097 2188 1193 2246 εἴποι·
1211 2205 1225 2236 ν
1243 2162 1342 2272 (λροῖτε
1360 2175 1411 2245 οἷα

312 2301 349 2382 τῇ
371 2300 432 2359 τῶν
450 2272 607 2363 illocales
629 2289 712 2356 πόλει
729 2290 933 2380 προςκείμενοι
954 2293 1108 2378 ποίσχετε;
1127 2289 1192 2355 Οὐκ
1214 2290 1275 2379 ἐγώ
1299 2285 1412 2379 ’λεγονθ

315 2397 554 2493 διαρννυόμενος
576 2401 616 2476 ὡς
639 2401 736 2486 μοίτην
757 2397 803 2465 ἐπ’
828 2380 989 2475 Ᾱθηναίοις
1012 2399 1161 2478 ἐλπίζετε;
1184 2402 1213 2463 τί
1236 2402 1412 2490 συνήνεγκεν

315 2511 384 2602 ὑμῖν
399 2515 434 2579 τὸ
453 2503 499 2578 ἐπ’
520 2506 669 2585 ἐκείνουςδ
686 2513 805 2602 θαρρεῖν
821 2534 855 2589 ν;

321 2707 324 2714 Ι
362 2625 423 2691 Καί
437 2620 525 2701 ταῦτ’
538 2620 649 2696 ἐκεῖνος
663 2619 735 2710 ἐρεῖ.
745 2623 804 2686 Καί
821 2621 854 2686 τὸ
867 2620 969 2686 λοιπὸν
981 2622 1066 2707 ἡμεῖς
1079 2618 1131 2708 μέν
1140 2621 1195 2696 τὰς
1207 2629 1286 2709 τρεῖς
1297 2619 1412 2710 ἡμέρας

314 2733 513 2822 ἀνσλόισορεν
527 2729 596 2798 κατ’
611 2729 704 2797 αὐτοῦ
720 2727 949 2818 βουλευόμενοι·
971 2730 1081 2807 ἐκεῖνος
1099 2727 1132 2796 θὲ
1146 2726 1286 2806 ἀδοξίαις
1299 2733 1414 2805 πείσαις

314 2843 506 2938 περιθοίλλειν
528 2843 581 2914 τὴν
605 2842 689 2907 πόλιν
708 2841 848 2929 οὔμενουν
866 2839 920 2905 οὐκ
939 2842 1076 2926 ὀκνήσει,
1096 2843 1148 2906 καί
1166 2849 1225 2906 τῶν
1243 2841 1313 2907 καθ’
1330 2843 1414 2929 ἡμῶν

315 2962 479 3047 παροινιών
501 2953 654 3045 πληρώσει
671 2951 788 3020 πολλῶν
809 2952 919 3039 ἀκόας.
940 2929 1011 3039 Ᾰμα
1029 2948 1063 3016 δὲ
1086 2955 1224 3029 κάκεῖνος
1247 2950 1413 3038 βουλεύσε-

317 3090 386 3153 ται,
406 3066 460 3131 καί
477 3063 574 3151 τούτῳ
588 3061 667 3153 οὐχ,
688 3063 727 3138 ὡς
742 3061 891 3148 ἐλπίζετε,
911 3060 1129 3154 περιτεόξεσθε.
1144 3060 1336 3156 Περισυνοίξει
1354 3066 1414 3155 γὰρ

350 3325 468 3380 ‘Schola
480 3332 509 3378 τὸ
518 3325 617 3387 ἔνδοξον.
879 3323 989 3374 nonnulli
1003 3339 1087 3374 versus
1111 3324 1147 3374 sic
1168 3324 1233 3390 typis
1249 3323 1413 3374 exhibentur:

352 3404 436 3457 ’Vide
446 3421 474 3471 p.
488 3404 536 3463 66,
551 3419 577 3453 n.
591 3405 621 3465 25
634 3403 664 3451 88
675 3439 682 3462 ‚
695 3404 741 3462 103
754 3401 795 3461 89,
814 3402 851 3451 ll.
881 3407 955 3471 ρθιρὰ
969 3400 1021 3467 ’χεν
1038 3405 1204 3466 ἐναμμένοι...
1221 3402 1282 3452 Αὐτὸ
1292 3400 1342 3451 ’ναι
1354 3413 1416 3458 στῆ-

351 3482 474 3542 ’Godex,
497 3482 617 3546 ἰγῶλιγον.
634 3478 687 3529 Non
706 3479 771 3529 male
791 3479 854 3529 scri·
881 3485 926 3538 θος·
943 3488 968 3530 τί
985 3488 1012 3530 τὸ
1029 3490 1175 3547 τρνπᾷςς....
1194 3487 1231 3532 Nol
1248 3478 1299 3528 'cett
1316 3491 1413 3548 κορῶνα’

318 3562 398 3630 puisse
410 3571 486 3629 puto,
502 3560 550 3624 ῑγώ
563 3559 643 3622 ’λογον
657 3557 703 3618 Qui
721 3557 747 3606 in
767 3557 854 3619 talibus
879 3565 918 3609 Νὰ
928 3557 979 3608 ’σαι
994 3563 1043 3608 θεά.
1055 3557 1113 3618 Quae
1128 3558 1164 3607 vis
1182 3567 1262 3621 potest
1272 3569 1416 3607 accentuum

319 3639 463 3691 elisionibus
473 3636 583 3689 scribunt
591 3639 636 3701 ἐγὼ
646 3639 717 3700 ’λιγον
727 3635 855 3701 malapro-
881 3651 949 3696 esse,
962 3636 1039 3701 quiin
1054 3637 1143 3686 chartae
1160 3635 1276 3685 inanitate
1289 3635 1417 3701 pendent?

320 3717 474 3769 nuntiatione
486 3716 521 3766 uti
536 3715 659 3764 videntur.
668 3713 729 3763 Nam
742 3712 854 3762 decurta·
882 3730 932 3763 non
946 3713 1030 3778 juvant
1039 3714 1278 3780 pronuntiationem,
1292 3731 1366 3780 quum
1381 3713 1416 3763 nil

320 3807 372 3847 tum
385 3794 487 3847 terbum
499 3802 606 3851 accentu
618 3807 742 3853 notouon
755 3799 792 3840 est
807 3805 855 3839 no·
882 3794 914 3842 sit
932 3793 998 3858 quod
1017 3793 1168 3859 pronuntiari
1187 3803 1277 3858 queat;
1292 3792 1417 3842 offendunt

320 3873 433 3941 tendum..
459 3872 504 3937 Qui
523 3885 572 3921 non
596 3868 787 3938 pronuntiabant
810 3870 855 3932 ἐγὼ
883 3870 982 3931 oculos,
1006 3882 1031 3921 et
1054 3870 1239 3936 intelligentiam
1270 3869 1415 3936 impediunt.

321 3956 408 4018 ίλίγον,
421 3965 471 4001 non
490 3958 625 4018 potuerunt
641 3950 687 4015 ἰγόι
705 3948 777 4011 ’λέγον
794 3962 856 4012 pro·
883 3948 977 4014 Reponi
989 3949 1062 3999 velim
1073 3968 1079 4001 ι
1091 3954 1164 4017 ρθιρά
1176 3952 1234 4013 ’χιν,
1247 3948 1304 3998 αιίτό
1316 3952 1375 4008 ’ναι,
1388 3951 1416 3995 νά

322 4031 450 4092 nuntiare,
468 4027 513 4079 eod
533 4029 651 4093 ἐγώλιγον,
667 4041 709 4083 ae,
721 4025 857 4091 perspicui·
883 4028 940 4076 ’σαι
952 4026 1109 4093 Apostrophe
1121 4025 1267 4090 diphthongi
1280 4024 1359 4075 finalis
1369 4022 1416 4072 de-

323 4105 689 4173 tntiscausa‚scripserunlipol
699 4106 780 4168 λογον,
791 4101 857 4169 quod
883 4104 961 4154 lectus
981 4105 1131 4169 significatur
1146 4110 1197 4153 :Tc
1214 4102 1277 4152 εἶπεν
1296 4107 1309 4158 ἡ
1327 4106 1415 4158 Πυθία,

321 4185 419 4252 scripsi.
440 4183 514 4237 Initio
531 4182 630 4237 luciani
650 4182 767 4235 Votorum
786 4180 856 4233 Basi-
883 4189 923 4232 καί
940 4181 981 4232 εἶν’
999 4186 1116 4238 ἀληθινόν.
1136 4181 1256 4230 Ιιιίιῖιιίεπι
1275 4179 1366 4244 pariter
1379 4179 1417 4228 si-

323 4264 413 4317 leeusis
426 4274 453 4314 et
472 4260 602 4329 Bipcntine
615 4264 660 4327 ἐγώ
678 4265 763 4325 ’λεγον,
778 4259 857 4313 Fritz-
884 4258 992 4325 gnificari
1006 4258 1129 4309 delectum
1140 4258 1199 4324 quid
1208 4262 1292 4309 vetat?

324 4343 423 4397 schinne
442 4345 488 4409 ῖγὼ
509 4344 591 4405 ’lupen
606 4338 773 4391 recentissima
790 4339 858 4387 inte·
918 4337 1026 4388 *Codex
1039 4337 1089 4397 sic,
1102 4340 1139 4388 ἐπ’
1152 4338 1259 4398 ἐκείνους.
1276 4336 1357 4389 llalim
1370 4335 1416 4389 de·

326 4422 373 4486 grin
397 4421 487 4475 litteris
516 4421 562 4485 tvo
594 4420 680 4486 ἔλεγον.
709 4417 857 4483 Christopuli
885 4418 960 4470 tivum
970 4431 1018 4482 quo
1028 4416 1101 4469 modo
1110 4427 1148 4469 est
1156 4431 1222 4475 usus.
