3684 5659
817 627 973 688 ωπιπτπ
999 617 1041 689 ι’.
1405 610 1407 613 ’
1430 630 1469 698 71

380 759 563 848 ὑμνούμενον
582 763 631 825 ἀεί
652 786 683 826 τε
711 765 762 826 καί
789 765 873 855 παρὰ
895 773 1008 841 πάσιν;
1035 745 1150 828 λθκεῖνοι
1173 769 1251 855 χοίρ,
1273 776 1332 831 τῶν
1356 773 1476 859 Περσῶν

380 873 586 957 ἐπιστάντων,
607 876 658 937 καί
674 874 714 936 τά
726 872 826 960 κύκλῳ
840 873 1074 938 καταλαθόντων
1089 885 1141 951 τῆς
1158 858 1304 961 Ᾰττικής,
1325 879 1473 963 Εύθοιαν,

379 986 561 1075 Τάναγραν,
586 983 731 1075 Μέγαρα,
755 985 808 1054 τήν
828 986 974 1048 Βοιωτίαν
991 993 1111 1068 πᾶσαν,
1138 989 1190 1050 καὶ
1213 984 1272 1059 ήδη
1294 999 1353 1054 τῶν
1373 987 1476 1055 δεινῶν

379 1093 547 1180 μελλόντων
566 1097 618 1158 καί
644 1094 742 1159 αὐτῶν
762 1093 921 1180 νίψασθαι,
941 1091 1082 1182 δέχονται
1098 1095 1150 1183 μὲν
1168 1100 1265 1164 θεόθεν
1282 1101 1333 1171 τήν
1348 1101 1477 1188 συμθου-

378 1203 445 1274 λήν.
465 1207 525 1269 Καὶ
546 1205 632 1269 πόλιν
649 1203 761 1275 ταύτην
777 1208 829 1269 καὶ
852 1208 951 1281 οἰκίας
968 1209 1020 1270 καί
1041 1209 1203 1298 χρήματα,
1227 1213 1279 1274 καί
1299 1214 1393 1286 θήκας
1410 1238 1476 1277 πα-

378 1315 472 1408 τέρων
482 1318 534 1380 καί
548 1318 763 1403 μνήματα,κα“ι
776 1325 835 1380 πάν
843 1315 917 1380 ἀλλο
927 1318 1034 1408 προςὸν
1044 1316 1382 1410 ε’κείνοιςιάρέντεςμαί
1397 1328 1475 1398 ζωής

378 1435 433 1502 τῆς
451 1422 534 1502 ἰδίας
548 1428 588 1503 ὡς
602 1427 762 1517 ἀλλοτρίας
778 1430 1075 1518 καταφρονήσαντες,
1096 1426 1212 1505 παῖδας
1228 1430 1283 1518 μὲν
1300 1436 1351 1497 καί
1370 1445 1476 1522 χυναῖ-

378 1562 437 1612 κας
454 1541 498 1612 εἰς
519 1541 668 1629 Τροιζῆνα
694 1536 966 1624 μεταθιθάζουσιν·
993 1539 1078 1604 αὐτοὶ
1098 1536 1131 1603 δὲ
1152 1543 1239 1605 ναυσί
1264 1551 1397 1634 χρῶνται
1422 1551 1473 1607 καὶ

378 1644 515 1732 μόναις’.
535 1650 604 1712 Κάκ
623 1647 732 1712 τούτων
751 1647 955 1735 συμὸαλόντες
972 1661 1034 1726 τοῖς
1052 1651 1222 1738 πολεμίοις,
1240 1661 1303 1727 πῶς
1316 1651 1368 1739 μἐν
1392 1652 1473 1717 ἐκεί-

377 1781 447 1833 νους
468 1755 612 1830 διέθηκαν
635 1761 686 1823 καί
714 1761 744 1822 τί
769 1759 975 1850 κατώρθωσαν
992 1762 1021 1823 τί
1041 1762 1101 1853 χρή
1126 1765 1177 1826 καὶ
1206 1762 1319 1852 λέγεινς
1342 1763 1422 1850 ὅμως
1440 1760 1474 1828 δὲ

377 1869 453 1960 ῥᾷόν
476 1893 522 1944 τις
546 1867 654 1934 ἑαυτοῦ
678 1869 851 1940 ἐπιλήσεται
878 1869 897 1939 ή
920 1869 1055 1955 ἐκείνων,
1081 1875 1154 1951 καί,
1180 1876 1205 1936 εἰ
1230 1875 1333 1963 ἀγνοεῖ
1356 1879 1470 1957 ταῦτα,

378 1981 555 2069 ἀγνοήσειεν
574 1981 611 2044 ἀν
629 1981 681 2044 καί
698 1981 733 2045 τὸ
750 1976 827 2045 ίδιον
846 1977 968 2067 θνομαθ.

427 2093 465 2154 Εί
489 2085 525 2154 δέ
542 2085 605 2166 τιςι
624 2089 747 2165 ἐκείνοις
770 2094 932 2181 παραστάς
956 2095 1040 2176 τότε,
1065 2097 1116 2158 καί
1141 2095 1263 2160 κωλύων
1283 2094 1401 2185 ἀφιέναι
1421 2097 1473 2165 τήν
1557 2084 1561 2089 ’

376 2200 480 2283 πόλιν,
507 2201 625 2290 έλεχεν·
648 2225 661 2254 «
681 2199 725 2264 Οὐ
747 2201 857 2285 καλόν,
877 2182 1040 2286 Ᾰθήναῖοι,
1060 2204 1144 2268 πόλιν
1164 2206 1358 2287 καταλιπεῖν,
1384 2205 1419 2276 ήν
1445 2205 1471 2267 οἱ

375 2309 503 2400 πατέρες
532 2315 628 2396 ᾤκουν
661 2313 713 2374 καί
742 2321 866 2399 συχνοῖς
893 2315 1037 2376 συνίστων
1069 2325 1131 2389 τοῖς
1170 2311 1398 2400 δαπανήμασιν.
1427 2314 1471 2378 Ού

376 2418 469 2485 καλὸν
489 2422 609 2512 ἀφεῖναι
625 2416 760 2510 πατρίδα
776 2422 827 2484 καὶ
852 2422 952 2491 κοινήν
975 2403 1112 2496 θλλοίδος
1136 2421 1254 2504 ἑστίαν,
1280 2426 1351 2486 ἔνθα
1372 2422 1472 2510 Τύχης

377 2529 529 2620 ἱερὸνκαὶ
553 2532 625 2606 ναὸς
647 2512 766 2606 Ᾰθηνοῖς
789 2531 977 2619 Πολιούχου,
1005 2534 1057 2595 καὶ
1090 2531 1224 2621 πατέρων
1247 2535 1402 2617 μνήματα.
1434 2536 1471 2594 Εἰ

375 2641 436 2733 χάρ
457 2643 499 2729 μή
523 2646 639 2718 ζῶντας
665 2643 763 2729 ήμοῖς,
789 2641 868 2706 ἀλλά
890 2641 958 2717 τοὺς
980 2641 1112 2732 πατέρας
1134 2641 1254 2731 νεκροὺς
1276 2643 1302 2706 οἱ
1334 2641 1471 2730 πολέμιοι

375 2875 422 2924 illis
433 2876 619 2940 pronominibus
630 2885 750 2941 permutat
761 2874 909 2934 iotacismus,
938 2884 1015 2923 metro
1041 2875 1141 2925 inferius
1172 2875 1298 2925 tractando
1328 2875 1470 2926 vocabulum

374 2964 402 3003 ιιι
411 2965 436 3004 οι
450 2955 502 3004 aliis
517 2956 606 3020 passim
620 2953 751 3003 vocabulis.
767 2953 910 3003 Theodorus
937 2959 1070 3020 κρεωράχου
1088 2954 1231 3003 sumendum
1251 2954 1297 3003 erit
1310 2971 1356 3018 pro
1373 2956 1472 3019 epitrito

374 3031 460 3081 Prodr.
471 3033 575 3083 Tetrast.
587 3050 612 3098 p.
623 3035 654 3082 70
668 3051 673 3080 :
688 3037 781 3097 Τλᾶμον
790 3028 910 3081 λδωνιθε-
938 3034 1024 3094 primo.

374 3116 427 3171 ζίνι,
442 3104 514 3178 ἄχειρ
531 3118 571 3160 καὶ
590 3111 662 3168 ἄπους
679 3118 735 3161 ποτὶ
753 3118 821 3173 χαίῃν
837 3109 908 3176 Ἕρπε
969 3111 976 3134 ¹
992 3111 1126 3174 Improprie
1137 3112 1370 3176 [ιοοιιὶῑέκείνοιςρτο
1381 3113 1470 3170 αὐτοῖς,

374 3190 416 3238 διὰ
429 3196 536 3258 στέρνοιο
549 3193 602 3240 κατ’
613 3194 690 3241 αἰόλον
704 3194 846 3258 ἑρπυστῆρα.
860 3193 907 3237 Καί
935 3205 1007 3254 quam
1027 3191 1190 3239 recentiorum
1213 3189 1386 3253 negligentiam
1405 3192 1470 3255 tetigi

373 3271 401 3316 σύ
412 3272 467 3319 ποτ’
479 3271 510 3336 ἂρ
520 3273 607 3319 πολλῶν
616 3272 779 3333 ἀλλογλώσσων
791 3270 908 3338 βασιλήων
936 3281 961 3330 ρ.
976 3266 1017 3325 45,
1035 3283 1059 3315 n.
1078 3272 1098 3314 Ι.

373 3352 481 3398 Γούνατοί
499 3348 521 3398 τ’
540 3351 649 3413 ἐξέταμες
660 3354 741 3417 χεῖράς
758 3349 779 3397 τ’
793 3349 910 3411 ἀπεκόψας
969 3343 1108 3394 ’Aristides
1126 3344 1228 3394 Panath.
1245 3363 1270 3408 ρ.
1284 3347 1332 3393 920
1344 3365 1350 3394 ι
1363 3351 1471 3411 ψήρισμα

373 3429 473 3493 ἐνεργής·
492 3427 593 3485 Codex,
613 3429 762 3496 ἒρπήστῆρα,
789 3425 909 3474 electione
934 3429 1055 3472 ποιοῦνται
1067 3431 1109 3478 τήν
1120 3429 1161 3485 μὲν
1173 3428 1240 3471 πόλιν
1250 3424 1374 3489 ἐπιτρέψαι
1388 3435 1419 3491 τῇ
1428 3431 1471 3473 Πο-

374 3504 502 3570 ambigua3
522 3514 547 3553 at
559 3505 659 3554 omnino
672 3505 734 3554 bene
748 3507 844 3569 τλῆμον,
862 3523 910 3552 πο-
936 3504 1022 3567 λινὺχῳ
1040 3505 1096 3566 θεῷ,
1110 3502 1198 3556 παῖδας
1216 3502 1240 3548 δὲ
1259 3508 1298 3549 καὶ
1314 3512 1424 3564 γυναῖκας
1438 3507 1470 3560 εἰς

373 3586 430 3632 λέων
440 3593 466 3632 et
479 3585 591 3651 ίνεργούς.
606 3582 725 3632 Redditur
735 3583 825 3650 ἐνεργής
836 3598 849 3630 a
860 3581 910 3630 Su·
935 3586 1051 3646 Τροιζῆνα
1065 3583 1293 3645 παρακαταθέσθαι,
1304 3579 1370 3629 αὐτοὶ
1386 3581 1411 3629 δὲ
1427 3602 1471 3644 ’ρυ-

373 3662 462 3726 vignyo
479 3676 574 3728 «quum
588 3661 724 3727 idpoteras
736 3680 759 3710 ν.
778 3660 826 3710 Sed
837 3659 862 3708 id
873 3669 910 3708 est
936 3662 1061 3721 μνωθὲντες
1071 3668 1116 3706 τῶν
1131 3668 1247 3724 περιττῶν
1262 3661 1419 3726 προθαλέσθαι
1429 3669 1471 3715 τήν

373 3749 513 3789 contortum
546 3740 627 3790 nimis.
661 3739 802 3803 Epithetum
835 3749 911 3805 χεῖρες
937 3740 1067 3787 θαλάτταν.
1084 3736 1118 3784 lbi
1131 3735 1199 3784 lebb.

374 3815 464 3885 ἐνεργοί
475 3828 499 3867 et
510 3833 596 3866 sensus
607 3816 715 3866 bonitate
732 3816 872 3866 defenditur
885 3825 909 3864 et
969 3814 1111 3863 δΙνιιοίπιιιιε
1122 3815 1210 3863 Tox.ss
1225 3835 1231 3862 ι
1249 3820 1335 3865 θᾶττον
1349 3823 1402 3878 γοῦν
1416 3813 1471 3865 τού-

373 3894 421 3944 hoc
430 3893 554 3945 Theodori
564 3894 619 3944 loco
630 3894 661 3944 de
672 3911 745 3943 manu
755 3894 823 3943 arida
836 3909 908 3958 quam
935 3913 994 3942 νουα
1010 3895 1106 3949 ἕκαστος
1123 3892 1200 3942 αὐτῶν
1220 3896 1355 3943 ἐπιλάθοιτο
1371 3900 1412 3943 τοῦ
1425 3914 1471 3942 πα·

373 3971 483 4022 Chrislus
496 3972 603 4031 sanavit,
622 3988 650 4037 p.
674 3973 719 4025 152
740 3991 746 4020 τ
767 3969 791 4021 ‘11
810 3973 832 4020 δ’
846 3971 910 4028 εὐθὺς
935 3975 1079 4040 τρίς,ήτὰς
1089 3968 1198 4039 Ὀρέστου
1208 3978 1248 4020 καί
1258 3973 1363 4020 Πυλάδου
1375 3977 1470 4037 πράξεις

372 4051 908 4119 προτέτατο,καὶήπτιτο,πάνταδῖνήργει.
935 4053 1074 4112 ἀγνοήσειεν.
1098 4049 1239 4104 Petronius,
1263 4063 1285 4094 c.
1308 4048 1339 4091 66
1362 4067 1366 4093 :
1386 4066 1397 4090 «
1422 4056 1469 4093 tam

372 4130 516 4182 Remanebit
530 4130 610 4179 adhuc
626 4130 693 4180 falsae
709 4129 850 4195 quantitatis
870 4129 909 4176 vi-
933 4127 1005 4176 bonae
1018 4126 1141 4175 memoria}
1150 4141 1218 4184 sum,
1234 4133 1259 4172 ut
1273 4124 1413 4187 frequenter
1427 4139 1470 4170 no-

372 4212 431 4261 tium
445 4211 470 4261 in
481 4211 563 4277 ἄχειρ,
577 4224 626 4256 non
645 4208 824 4272 corrigendum.
841 4207 907 4256 Poli-
934 4220 989 4255 men
1001 4220 1080 4252 meum
1091 4203 1251 4252 obliviscar».
1265 4200 1380 4264 Synesius
1390 4202 1468 4266 Epist.

371 4290 432 4340 ticos
443 4303 528 4338 versus
538 4288 675 4352 composuit
685 4285 827 4336 Theodorus
839 4286 908 4335 innu·
934 4286 975 4343 57,
993 4299 1017 4348 p.
1030 4283 1077 4330 200
1090 4300 1096 4328 ε
1108 4283 1210 4343 ἐμαυτοῦ
1221 4281 1355 4345 ἐπιλήσμων
1370 4284 1430 4347 εἰμί.

371 4382 466 4426 merom
478 4365 537 4414 hine
550 4367 643 4415 aurium
655 4365 778 4416 hebetatio
790 4373 814 4413 et
827 4364 907 4428 legum
966 4359 1080 4409 ⁴Scbol.:
1092 4362 1193 4408 πλαστὸν
1204 4361 1368 4426 ἐπιφερόμενον
1380 4373 1411 4430 τῇ
1423 4363 1469 4411 ἀπὸ

372 4443 463 4495 oblivio
473 4453 520 4494 τῶν
538 4444 711 4511 προςῳδιακῶν.
725 4445 751 4493 ln
770 4442 818 4492 alio
830 4441 906 4492 hexa-
934 4447 975 4490 τοῦ
988 4439 1181 4505 παραδείγματος
1196 4439 1303 4507 ἐργασίᾳ.
