3684 5659
729 598 887 699 κωιιπιι
914 626 956 698 ι’.
1343 635 1389 705 65

293 779 458 851 κάκείνους
472 773 524 862 μὲν
541 777 592 838 καί
608 773 695 838 πλέον
713 769 903 857 βλάπτοντας
922 776 1003 839 κατὰ
1020 784 1074 865 γῆν
1091 776 1109 846 ἦ
1128 779 1207 840 κατὰ
1225 777 1389 862 θάλατταν,

295 887 366 962 τοὺς
378 883 408 951 θ’
421 884 583 975 ἡμετέρους
593 884 705 971 μάλλον
717 893 775 949 τῶν
787 893 864 955 νηῶν
876 885 1049 973 ἐχομένους·
1063 888 1120 949 κάν
1132 894 1198 950 εἴτι
1209 890 1260 951 καί
1275 891 1392 977 ἔπρατ-

295 1024 366 1084 τον,
381 1001 512 1088 άφιστᾷν
524 995 648 1071 τούτους
665 995 775 1059 ἐκεῖθεν
792 994 845 1058 οῦκ
859 1002 984 1083 ἰ’σχυον,
997 995 1063 1060 ἀλλ’
1078 1003 1138 1061 άνω
1153 999 1204 1061 καί
1220 1001 1303 1062 κάτω
1320 1002 1392 1063 ἀπε·

295 1107 457 1201 λογοῦντο1
470 1109 501 1172 αἱ
514 1092 581 1182 νῆες
596 1109 648 1172 καί
667 1107 700 1170 τὸ
715 1109 823 1196 θάρρος
838 1115 890 1184 της
902 1107 1029 1182 πόλεως·
1045 1110 1096 1172 καί
1110 1104 1177 1185 θέος
1189 1111 1229 1195 μή
1242 1112 1393 1175 άποστάν·

296 1244 358 1284 των
373 1221 425 1284 τὸν
440 1218 547 1282 στόλον
564 1218 684 1282 άπαυτα
699 1217 943 1308 πυρπολησωσιυ.
958 1199 1099 1282 Ἐντεῦθεν
1115 1226 1225 1310 ἤργουν
1242 1222 1320 1312 ἐγώ,
1339 1225 1391 1288 καί
1476 1284 1480 1290 ,

296 1332 382 1395 κατὰ
394 1338 449 1421 γῆν
464 1328 516 1416 μὲν
530 1327 583 1392 οῦκ
596 1334 704 1415 ἴσχυον
718 1327 873 1413 πολεμεῖν,
885 1331 973 1392 ναυσί
990 1325 1024 1393 δὲ
1038 1333 1173 1420 χρᾶσθαι
1190 1334 1241 1395 καὶ
1256 1331 1393 1418 πολεμεῖν

294 1440 364 1504 οὔτ’
378 1438 515 1531 ἀσφαλὲς
528 1434 645 1521 έθύκει,
660 1438 776 1502 πολλῶν
790 1437 907 1503 ἐκείνων
926 1439 1035 1523 ούσὼν,
1051 1443 1101 1505 καί
1122 1441 1220 1517 άλλως
1236 1445 1390 1512 άνάνητον.

349 1549 532 1642 Τριῦομένου
546 1555 705 1639 τοιγαροῦν
722 1553 774 1612 τοῦ·
789 1555 895 1639 καιροῦ
904 1547 927 1632 ²,
946 1553 997 1614 καὶ
1014 1550 1167 1642 έγκρατῶν
1183 1551 1300 1615 ἐκείνων
1313 1576 1394 1642 γενο

297 1662 397 1748 μένων
413 1670 467 1736 της
484 1669 558 1752 γῆς,
586 1657 703 1743 βλέπων
722 1660 761 1734 ὡς
782 1654 868 1723 οὐθὲν
890 1660 964 1724 άλλο
988 1665 1190 1752 κατορθοῦμεν
1212 1665 1298 1749 ἡμεῖς
1316 1663 1337 1732 λ
1358 1665 1393 1727 τὸ
1419 1707 1424 1722 .

262 1773 266 1780 ⁴
297 1772 460 1863 φυλάττειν
476 1773 531 1847 τάς
548 1776 638 1855 ναῦς,
657 1773 709 1835 καί
728 1771 779 1840 τὴν
797 1770 947 1858 ἀσχολίαν
965 1771 1076 1842 ἐκείνην
1094 1772 1184 1836 θέλων
1200 1772 1336 1838 κωλύσαι
1354 1775 1393 1850 ὡς

299 1878 396 1979 μηδὲν
407 1886 539 1970 ἔχουσαν
549 1885 711 1973 χρήσιμον,
731 1881 809 1945 ἀλλὰ
823 1881 937 1967 μᾶλλον
950 1883 1001 1944 καί
1019 1878 1231 1965 βλάπτουσαν·
1250 1876 1320 1971 (ἕως
1334 1888 1392 1979 γάρ

300 1994 375 2058 πότε
391 1995 444 2057 καί
464 1988 700 2085 προςηθρεύομεν
717 1991 843 2067 ταύταις
854 1987 880 2069 ³3
902 1992 920 2062 ἢ
938 1996 1055 2086 πάντως
1073 1992 1128 2068 ἕως
1145 1997 1180 2057 ου
1203 1997 1254 2058 καί
1273 1998 1291 2065 η
1309 1997 1394 2072 πόλις

300 2107 389 2191 ἡμῷν
409 2099 506 2192 ἁλῷ;)
523 2105 580 2168 κάν
598 2105 795 2191 άποστὼμεν,
811 2103 900 2168 πάλιν
918 2100 949 2179 ἐξ
967 2106 1102 2195 άνάγκης
1116 2100 1154 2176 ἦν
1170 2105 1393 2195 πυρποληθῆναι

300 2218 357 2292 τάς
381 2220 472 2299 ναῦς,
500 2217 551 2280 καὶ
575 2215 648 2305 πρὸς
672 2223 708 2304 τῇ
731 2217 805 2303 ἥττῃ
830 2217 881 2278 καὶ
900 2211 1011 2302 αἶσχος
1031 2215 1111 2306 μέγα
1128 2215 1337 2307 προςτριῦηναι
1357 2226 1394 2305 τῇ

302 2326 406 2392 πόλει·
428 2331 527 2421 ταῦτα
550 2322 667 2409 βλέπων
690 2324 765 2416 ἐγώ,
789 2327 840 2389 καί
867 2321 960 2410 μηθὲν
979 2324 1053 2390 άλλο
1074 2322 1186 2416 πράξαι
1212 2322 1392 2412 δυνάμενος,

302 2437 366 2502 ἐπεὶ
393 2439 449 2501 καί
474 2460 558 2511 τινας
585 2435 753 2526 ἑώρων-
773 2438 825 2501 καί
854 2436 888 2499 οῦ
915 2437 1027 2509 κακίας
1052 2431 1175 2510 ἔνδειξις
1202 2436 1235 2498 τὸ
1265 2435 1394 2525 λεγόμε-

302 2572 369 2632 νον,
394 2547 462 2613 ἀλλ’
491 2543 585 2622 ούτως
608 2550 719 2612 ἔπειθεν
744 2547 853 2622 αύτούς
874 2557 969 2611 ποιεῖν
991 2547 1005 2610 ὁ
1033 2548 1137 2636 καιρός
1152 2581 1199 2591 -
1213 2549 1395 2637 θαρροῦντας

303 2659 414 2736 αύταῖς
433 2663 596 2750 εῐςφυγεῒν,
617 2654 670 2722 dmi
691 2665 788 2723 ταῦτα
807 2664 957 2746 μιμοῦμαι
979 2656 1047 2733 τοὺς
1065 2658 1202 2748 ἰατρούς,
1226 2661 1272 2737 oi',
1298 2654 1395 2724 θεινοῦ

302 2797 383 2847 τινος
399 2780 462 2846 τοῖς
481 2772 602 2861 άρθροις
619 2769 822 2857 ἐνσκήψαντος
839 2769 911 2846 ὥςτε
928 2772 980 2834 καί
1000 2777 1146 2858 νεκρὼσαι
1163 2775 1278 2848 ταῦτα,
1298 2771 1396 2836 θέλον-

302 2907 353 2957 τες
364 2890 529 2972 περιποιεῖν
543 2881 575 2944 τὸ
591 2878 714 2968 συνεχὲς
732 2886 802 2954 ζῶν,
820 2882 962 2969 μαχαίρᾳ
979 2880 1013 2942 τύ
1030 2879 1131 2969 νεκρὸν
1150 2879 1393 2967 άποτέμνουσιν*.

301 2988 393 3056 Οῦτω
411 2990 511 3079 κάγώ.
532 2970 698 3053 Ᾰποκόπτω
716 2989 750 3053 τὸ
768 2985 860 3075 μηθὲν
878 2993 1077 3078 χρησιμεῦον,
1094 2991 1146 3052 καὶ
1162 2991 1262 3079 φθάνω
1281 2988 1397 3082 πράξας

303 3101 376 3192 ὅπερ
396 3101 425 3164 οἱ
446 3100 572 3164 ἐναντίοι
595 3095 625 3174 ἐξ
650 3102 785 3190 ἀνάγκης
802 3097 945 3168 ἐποίησαν
963 3105 1017 3171 άν,
1039 3103 1063 3162 εἰ
1082 3099 1191 3163 ἐκεῖθεν
1209 3100 1395 3188 ἀπέστημεν,

304 3214 356 3278 καί
377 3213 411 3296 ὅ,
431 3212 504 3302 πρὸς
525 3211 558 3274 τὸ
576 3210 616 3296 μη
635 3212 741 3274 παθεῖν
766 3209 906 3279 τοιαύτην
931 3209 1095 3297 αἰσχύνην,
1116 3209 1241 3296 κώλυμα
1259 3207 1294 3281 ἦν
1318 3213 1397 3275 πάν·

304 3346 364 3398 τως
380 3325 483 3397 πάσης
498 3320 661 3408 πολεμικῆς
677 3316 824 3411 πράξεως.

356 3411 427 3521 Ᾰμα
442 3437 603 3526 τοιγαροῦν
623 3440 665 3517 τῷ
686 3433 719 3495 τὸ
736 3436 793 3522 πῦρ
813 3440 982 3519 κατασχεῖν
1005 3430 1137 3512 ἐκείνας,
1162 3431 1187 3492 οἱ
1207 3430 1234 3493 ἐν
1251 3441 1318 3505 ταῖς
1341 3440 1399 3495 τῶν

342 3664 839 3728 ’ὓοάθκείο,ἀπελογοῦντο,Εοοενίύθ-
867 3663 903 3723 ἦν,
926 3665 1063 3729 προςθοκίαν
1084 3673 1195 3731 παρεῖχεν
1213 3663 1303 3720 αὐτοῖς.
1320 3664 1402 3714 Omis-

306 3755 347 3794 νυν
356 3760 400 3809 pro
413 3747 565 3812 ἀπηγόρευον,
577 3747 685 3795 ἀπεῖπον.
867 3761 920 3793 sum
934 3759 999 3792 nunc
1011 3753 1048 3792 est
1059 3743 1096 3802 ἦν,
1110 3761 1164 3808 quar
1178 3742 1271 3809 syllaba
1283 3759 1314 3792 ne
1327 3762 1402 3811 pror-

342 3822 456 3873 ¹Eodem
470 3839 544 3874 sensu
557 3839 613 3872 usus
631 3833 669 3872 est
679 3821 754 3870 verbo
764 3825 840 3888 τρίίε-
867 3839 908 3871 sus
922 3833 1022 3886 porcat,
1032 3837 1145 3888 propono
1159 3832 1201 3878 τὴν
1214 3825 1360 3890 προςδοκίαι.
1375 3826 1401 3873 ln

305 3908 362 3953 σθαι
373 3902 536 3968 pachymeres
544 3901 607 3950 Hist.
616 3899 688 3949 Mich.
704 3899 841 3962 Paiaeologi,
868 3899 954 3949 codice
966 3900 1012 3949 loci
1025 3900 1095 3964 hujus
1105 3900 1200 3950 diversa
1211 3911 1248 3950 est
1259 3903 1380 3951 recensio.

309 3983 340 4038 6,
364 3984 378 4029 8
398 4001 404 4029 :
426 3983 545 4049 ἐτρίθοντο
562 3987 606 4043 μὲν
625 3975 662 4029 οῦν
688 3979 788 4028 ἐντεῦθεν
811 3984 842 4026 τὰ
901 3977 980 4026 ³Fcci
998 3978 1287 4042 interrogationemhic,
1306 3988 1331 4026 et
1347 3995 1402 4025 mox

310 4065 456 4127 πράγματα,
473 4059 543 4114 ἄλλην
557 4059 579 4107 δ’
593 4061 730 4120 ἀπαλλαγὴν
742 4067 786 4106 τῶν
797 4077 843 4105 κοι-
868 4066 923 4120 post
938 4060 995 4122 ἁλῷ.

310 4149 354 4188 κῶν
368 4139 407 4188 οῦκ
424 4137 450 4195 ἦν
465 4141 613 4200 ἐλπίζεοθαι,
629 4140 650 4186 εἰ
663 4145 708 4201 μὴν
722 4143 763 4186 τοῦ
774 4143 844 4205 prp—
903 4134 975 4183 ‘Cio
993 4135 1053 4182 Phil.
1066 4138 1131 4193 s,5:
1145 4153 1156 4176 α
1168 4134 1191 4180 iu
1203 4147 1305 4195 corpore
1315 4133 1334 4180 si
1344 4133 1401 4197 quid

310 4222 382 4285 θάρου
396 4220 545 4282 ἀπαλλαγήν.
565 4216 612 4266 Ρτο
633 4219 655 4266 εἰ
676 4223 722 4280 μην
740 4213 844 4278 conjecit
870 4212 988 4277 ejusmodi
1003 4222 1041 4259 est
1055 4212 1120 4276 quod
1135 4212 1229 4275 reliquo
1242 4211 1340 4274 corpori
1358 4228 1404 4261 no-

310 4295 389 4346 cditor
408 4297 445 4346 vir
466 4295 504 4356 d.,
523 4301 537 4353 ἢ
559 4303 611 4353 τήν.
630 4296 744 4359 Propooo
762 4296 783 4342 εἰ
800 4301 843 4357 μή.
871 4303 938 4347 cem,
955 4292 991 4338 uri
1011 4291 1136 4354 secarique
1154 4290 1270 4354 patimur,
1284 4300 1311 4339 ut
1329 4305 1403 4339 mem-

312 4374 445 4424 Articulum
456 4374 607 4424 commodius
617 4373 733 4422 reddetur
742 4370 781 4420 alii
789 4371 844 4419 loco
870 4371 969 4420 brorum
981 4368 1078 4433 aliquod
1091 4369 1254 4433 potiusquam
1267 4378 1343 4434 tolum
1354 4385 1406 4418 cor·

314 4456 337 4514 ¹,
352 4455 380 4514 3,
390 4469 416 4518 p.
432 4454 475 4516 15,
489 4454 519 4501 12
531 4471 536 4501 :
546 4459 685 4522 nimrim...
700 4453 844 4514 ἀμελούμενα
871 4464 917 4512 pus
934 4448 1036 4495 imorem
1049 4456 1069 4495 ι’.
