3684 5659
767 627 924 687 ΜΕΛΕΤΗ
949 615 990 687 Δ’.
1372 623 1417 692 77

522 704 545 743 ο

325 761 507 850 ἀγριαίνειν,
524 760 575 821 νῦν
590 751 623 820 δὲ
644 759 876 841 ταπεινοῦσθαι,
892 763 943 822 νῦν
965 760 1131 843 κινεῖσθαι,
1151 763 1202 823 νῦν
1218 761 1350 850 ἠρεμεῖν,
1369 767 1419 825 νῦν

325 869 473 952 ἀπειλεῖν,
494 871 545 932 νῦν
565 865 719 950 ἱκετεύειν,
736 871 786 930 νῦν
809 870 967 954 ἀτιμάζειν
986 867 1147 959 πρεσὸείαν
1164 869 1295 955 ἐκείνων,
1317 875 1367 935 νῦν
1383 867 1418 935 δὲ

325 980 400 1070 πρὸς
418 977 549 1053 ἐκείνους
563 975 799 1068 πρεσόεύεσθαι,
815 983 865 1041 νῦν
882 977 1026 1063 ἱππεύειν,
1049 983 1099 1043 νῦν
1118 978 1250 1054 πεζεύειν
1267 983 1309 1055 εἰς
1324 980 1418 1045 πόλε-

325 1111 396 1174 μον,
415 1092 467 1152 νῦν
479 1089 567 1152 ναυσὶ
585 1089 743 1178 χρᾶσθαι,
762 1092 812 1152 νῦν
828 1090 983 1178 ἀφανίζειν
1001 1088 1116 1168 αύτάς,
1136 1091 1188 1153 καί
1207 1089 1329 1172 ἁπλῶς,
1348 1088 1419 1154 καθ’

326 1195 429 1261 ὅντινα
448 1191 487 1266 δὴ
502 1197 610 1287 τρόπον
627 1196 661 1260 τὸ
674 1195 822 1286 συμφέρον
840 1191 1020 1284 δοκιμάσει,
1035 1194 1112 1262 ούτω
1128 1207 1236 1282 ποιεῖν,
1254 1200 1307 1262 καί
1325 1194 1419 1285 μηδε·

327 1307 378 1381 νὸς
394 1314 454 1370 τῶν
470 1305 530 1372 ὅσα
543 1302 684 1396 συμφέρει
702 1304 891 1393 ἀπέχεσθαι,
909 1306 951 1392 μη
966 1309 1168 1390 τῶνοίκείων,
1184 1308 1225 1393 μὴ
1241 1315 1300 1371 τῶν
1313 1316 1420 1372 κοινῶν

328 1412 515 1506 φειδόμενον·
537 1414 618 1480 ἀλλά
633 1414 691 1479 κᾶν
710 1423 812 1502 τεῖχος
827 1418 950 1506 ρύσσειν
970 1417 1028 1481 κάν
1046 1426 1210 1500 κατασπᾷν
1227 1416 1343 1500 πύλας,
1363 1417 1420 1481 κάν

329 1522 563 1614 οἰκοδομήματα
576 1525 791 1609 καταύάλλειν,
805 1530 838 1592 εἰ.
846 1528 935 1613 μόνον
950 1528 1098 1592 συνοίσειν
1111 1523 1218 1611 δόξεά,
1233 1517 1319 1590 ταῦτ’
1335 1525 1420 1602 εὐθὺς

327 1645 437 1718 ποιεῖν,
455 1638 509 1701 καὶ
522 1638 610 1700 παντί
627 1637 725 1726 τρόπῳ
742 1646 904 1728 περιποιεῖν
918 1645 961 1723 τῷ
978 1645 1068 1722 κοινῷ
1085 1638 1138 1707 τὴν
1154 1635 1311 1727 ὠφέλειαν.

377 1751 498 1812 «Δεῖν
517 1743 722 1822 λέξας”ίσως
745 1748 797 1810 καί
821 1746 879 1830 σύ,
904 1770 920 1803 a
939 1747 972 1811 ἐκ
993 1749 1104 1822 παντὸς
1126 1748 1236 1837 τρόπου
1261 1752 1360 1823 ζητεῖν
1386 1749 1420 1813 τὸ

328 1855 479 1946 συμφέρον
494 1864 532 1944 τῇ
547 1854 631 1920 πόλει
652 1856 702 1920 τὸν
724 1857 906 1946 στρατηγόν,
923 1855 990 1921 ἀλλ’
1010 1858 1046 1921 ἀν
1066 1857 1107 1943 μὴ
1127 1860 1313 1944 ζημιῖνταιὴ
1335 1857 1421 1934 πόλις

328 1965 394 2055 περὶ
421 1967 461 2029 τά
483 1963 614 2054 μέγιστα
629 1989 658 2027 ν.
687 1967 811 2040 Πάντως
830 1964 917 2030 ταῦτ’
936 1965 1029 2056 έρεῖς,
1048 1975 1166 2053 σεαυτῷ
1185 1968 1421 2053 καταλιμπάνων

330 2073 512 2164 ἀπολογίαν,
529 2077 580 2139 καί
597 2072 777 2163 άποκλαύσῃ
790 2075 847 2149 τάς
863 2080 955 2158 ναῦς,
973 2078 1025 2140 καί
1044 2077 1096 2147 τὴν
1112 2074 1166 2141 ἀπ’
1181 2075 1279 2141 αὐτῶν
1296 2076 1419 2167 ἐπενέγ-

330 2208 386 2273 κῃς
401 2184 560 2275 ὦφέλειαυε
579 2167 653 2250 did
666 2181 838 2268 ἀκούσας’,
860 2187 900 2260 ὡς
914 2182 980 2261 ἐξῆν
995 2212 1045 2272 μοι
1061 2196 1156 2252 ποιεῖν
1171 2189 1211 2262 ὡς
1229 2183 1327 2252 ἐδόκει
1344 2211 1421 2274 συμ-

329 2293 416 2385 φέρον
435 2305 596 2387 στραιηγῷ
607 2321 639 2360 τε
653 2303 734 2380 ὄντι,
749 2293 941 2387 στρατηγῶζ
958 2299 1009 2361 καὶ
1027 2302 1125 2362 ταῦτα
1138 2301 1190 2363 καὶ
1204 2297 1417 2389 αὐτοκράτορι.

330 2406 368 2468 Ei
385 2402 439 2490 μὲν
457 2409 538 2497 γάρ,
558 2406 603 2472 ὅτ’
609 2407 817 2499 ’ἐχειροτόνουν
833 2409 852 2476 ἡ
872 2406 958 2481 πόλις
976 2405 1027 2493 ἐμὲ
1044 2410 1095 2471 καῖ
1111 2409 1150 2469 τά
1171 2408 1257 2470 κοινά
1273 2407 1419 2498 ἐνεχείρι-

331 2518 401 2599 ζον,
422 2511 559 2579 έδίδουν“
573 2519 692 2592 πάντως
716 2518 768 2580 καί
788 2516 838 2581 τὸν
864 2517 1002 2606 ὁρίζοντα
1020 2515 1064 2602 ἐφ’
1082 2515 1218 2600 ἑκάστῳ,
1237 2517 1289 2579 καὶ
1307 2510 1342 2584 ἦν
1359 2521 1421 2603 άρα

330 2623 443 2700 ἐκεῖνος
465 2624 535 2705 σύ,-
547 2628 599 2690 καί
622 2621 770 2715 ἐδεχόμην
791 2626 844 2695 τήν
863 2627 983 2716 γνώμην
1000 2633 1058 2690 τῶν
1075 2625 1222 2710 πολιτῶν,
1243 2620 1308 2688 οὐδ’
1327 2620 1421 2698 ούτως

331 2730 413 2822 εἶχες
430 2735 538 2825 ὁρίζειν
556 2736 590 2800 τό
606 2734 743 2806 ποιητέου
753 2782 762 2818 ,
782 2738 834 2800 καί
853 2734 982 2800 ἐνταῦθα
999 2736 1091 2823 μένων
1105 2737 1157 2800 καί
1173 2737 1250 2823 μετὰ
1262 2735 1314 2805 τὴν
1327 2736 1420 2824 άνάγ·

331 2869 387 2916 κην
413 2853 473 2911 τῶν
496 2848 722 2934 συμπιπτόντων
752 2827 872 2910 δεινῶν·
901 2845 968 2912 ἀλλ’
992 2842 1053 2910 ἔδει
1078 2849 1130 2911 καὶ
1155 2844 1189 2910 σὲ
1212 2843 1421 2937 συστρατεύειν

332 2954 415 3042 ἐμοί,
433 2958 485 3020 καί
505 2956 551 3022 έπῖ
571 2965 630 3022 τῶν
646 2953 790 3021 κινδύνων
808 2953 904 3041 εἶναι,
925 2959 977 3021 καὶ
1001 2956 1047 3022 ἐπ’
1066 2956 1164 3022 αὐτῶν
1184 2965 1242 3021 τῶν
1262 2962 1315 3020 τοῦ
1334 2959 1422 3046 ἔργου

332 3073 460 3155 καιρῶν.
486 3069 545 3131 Καὶ
567 3067 721 3155 τυχὸνάν
749 3063 829 3131 εἷπον
856 3067 935 3156 ἐγώ,
960 3066 997 3131 σὺ
1021 3063 1051 3131 δ’
1076 3069 1227 3151 άντεῖπες,
1252 3068 1304 3131 καί
1332 3065 1424 3140 σίλλος

332 3185 469 3241 συνεῖπεν
482 3175 547 3263 ἐμοὶ
560 3179 613 3241 καὶ
632 3168 718 3252 αὖθις
735 3175 852 3267 ἕτερος·
872 3179 924 3240 καὶ
944 3175 999 3259 σύ,
1017 3182 1105 3240 τοῦτο
1122 3174 1174 3263 μὲν
1187 3178 1238 3240 καὶ
1251 3181 1304 3240 τοῦ
1316 3181 1423 3267 καιροῦ

333 3290 590 3377 στενοχωροῦντος
614 3289 666 3351 καὶ
693 3294 752 3350 τῶν
781 3289 968 3378 πραγμάτων
994 3288 1247 3377 κατεπειγόντων,
1277 3292 1364 3350 τοῦτο
1391 3282 1424 3350 δέ

333 3396 386 3458 καί
406 3395 524 3460 πολλῶν
542 3395 686 3486 λεγόντων
704 3387 774 3488 ὅπερ
792 3397 897 3486 κάγώ,
918 3392 1110 3471 ἐδυςωπήθης
1126 3397 1163 3459 ἀν
1179 3398 1231 3460 καὶ
1251 3397 1301 3460 τόν
1319 3395 1423 3484 καιρόν

334 3507 387 3570 καί
403 3506 454 3571 τὸν
470 3501 625 3580 κίνδυνον,
646 3503 837 3582 ε’δυςωπηθης
857 3507 893 3571 ἂν
914 3509 965 3571 καί
989 3505 1058 3581 τοὺς
1080 3505 1237 3596 λέγοντας·
1258 3506 1309 3569 καί
1327 3511 1421 3587 ἴσως,

370 3795 379 3821 ¹
392 3794 541 3854 (λοδοιδόξη
549 3794 768 3859 ,ειιρειεετίρισεε
777 3793 869 3860 Scripsi
897 3795 963 3845 mine
976 3794 1113 3844 collectiva
1125 3795 1203 3856 Supra
1216 3809 1242 3858 p.
1255 3793 1297 3851 63,
1308 3792 1370 3841 dixit
1380 3807 1427 3857 pa-

337 3873 400 3932 δίξιι
411 3888 473 3922 sono
486 3873 569 3922 simili.
897 3873 956 3921 riter
975 3872 1041 3922 εἶπεν
1060 3879 1074 3930 ἡ
1098 3875 1173 3929 πόλις.
1197 3870 1246 3920 Sed
1264 3871 1333 3920 addit
1349 3870 1427 3920 codex

370 3947 381 3976 ¹
393 3950 488 4001 Schola
499 3956 514 4007 ἡ
524 3954 594 4017 ίτίρα
605 3955 744 4016 μετάληψις,
896 3951 1043 4014 singularem
1056 3965 1183 3999 nnmerum
1197 3950 1272 3998 ἐδίδου
1282 3965 1336 4013 quae
1346 3957 1429 3997 muta-

371 4027 487 4078 ⁸Sdhol.:
501 4030 631 4093 ἀντίληψις.
898 4030 932 4079 lio
949 4029 1020 4079 valde
1038 4027 1191 4092 displicebat.
1213 4025 1249 4074 Ac
1269 4026 1355 4089 scripsi
1376 4025 1429 4074 ἰδί-

370 4103 381 4131 ⁸
394 4104 535 4170 Repetitnm
544 4105 654 4155 nonsine
664 4105 687 4153 vi
697 4119 785 4153 nnmsn
795 4123 871 4171 στρα-
897 4106 960 4163 δσυυ,
971 4121 1019 4170 qna
1031 4106 1082 4169 ipss
1096 4104 1174 4153 forma
1189 4111 1226 4152 est
1237 4117 1295 4150 usus
1308 4100 1343 4149 De
1352 4101 1426 4151 nich.

337 4193 413 4250 πηγῷ.
897 4183 1052 4242 Andronico,
1067 4185 1090 4240 1,
1106 4184 1135 4240 3,
1146 4196 1173 4244 p.
1190 4181 1219 4228 15
1230 4199 1236 4228 =
1248 4184 1312 4236 τέλος
1324 4180 1336 4228 δ
1349 4180 1377 4236 δὴ
1388 4186 1429 4229 καί

370 4259 444 4310 ‘Non
456 4259 565 4310 offendet
576 4260 702 4326 quisquam
720 4259 752 4311 ad
769 4259 872 4325 pluralia
897 4262 986 4310 ἐδίδουν
1005 4259 1058 4323 ιύχλ
1076 4263 1169 4325 μικρόν.
1187 4259 1218 4306 Et
1233 4257 1295 4306 infra
1307 4257 1374 4306 dicet
1391 4257 1430 4309 bis

337 4340 506 4408 ἐχειροτόνουν,
526 4342 664 4406 ἐνεχείριζον
685 4345 699 4396 ἡ
722 4343 801 4399 πόλις,
817 4356 871 4404 quae
897 4339 987 4388 ἐδίδουν
1001 4336 1110 4386 Declam.
1120 4335 1169 4397 Vl,
1183 4345 1208 4385 et
1225 4337 1367 4400 μιταδίδονν
1378 4336 1430 4386 De·-

338 4426 396 4467 nnla
410 4426 449 4468 εει
467 4419 576 4482 syntaxis
593 4417 723 4468 verborum
746 4433 802 4468 cum
825 4433 870 4466 no·
897 4416 970 4466 clam.
978 4413 1427 4483 ΧΙςιιαρεδίδουνΙλεεΙιιιπεῑίουεΧΙΙΙ.
