3684 5659
743 596 899 658 ΜΕΛΕΤΗ
925 587 968 660 Δ’.

631 1061 634 1064 ·
687 1021 923 1109 ΜΕΛΕΤΗ
957 1023 1010 1111 Δ’.

302 1290 454 1363 Στρατηγὸς
468 1286 636 1362 πυρπολήσας
650 1292 698 1348 τὰς
715 1280 792 1349 ναῖνςι
811 1290 843 1349 ὡς
858 1287 906 1350 ἔξω
921 1293 1015 1365 χρείας
1030 1285 1170 1358 δοξάσας’,
1191 1296 1237 1345 καί
1252 1289 1298 1346 διὰ
1313 1301 1399 1348 ταῦτα

337 1387 447 1444 νικήσας
456 1420 465 1449 ,
481 1387 597 1458 κρίνεται
615 1381 747 1459 δημοσίων
764 1381 935 1457 ἀδικημάτων
943 1379 963 1436 ³.
980 1382 1151 1458 Μελετῶμινί
1165 1390 1209 1440 τὸν
1224 1391 1362 1460 φεύγοντα.

353 1608 427 1718 Εγὼ
451 1626 520 1728 μὲν“
544 1632 596 1694 καί
622 1630 714 1722 γέρας
731 1629 959 1718 ύπελάμθανον,
984 1626 1108 1720 ἄνδρες,
1136 1631 1182 1696 ε’πί
1201 1642 1264 1708 τοῖς
1279 1657 1398 1723 πεπρα-

302 1738 426 1828 γμένοις
442 1740 639 1826 κομίζεσθαι,
660 1743 712 1805 καί
726 1741 779 1811 τὴν
797 1746 849 1804 τού
862 1744 991 1831 κήρυκος
1006 1745 1122 1832 φωνήν,
1141 1743 1193 1812 τὴν
1206 1740 1285 1829 ὑμᾶς
1303 1747 1398 1814 συνή-

304 1848 614 1940 θωςσυλλέγουσαν,
640 1856 722 1939 ᾤμην
748 1855 790 1927 είς
817 1848 1028 1943 βουλευτήριον
1056 1859 1141 1944 άγειν
1169 1848 1238 1917 rou]⁸
1258 1862 1321 1928 πῶς
1348 1852 1399 1941 ἐμὲ

303 1966 453 2049 προςῆκον
476 1954 639 2051 δωρεῖσθαι
655 1963 707 2025 καὶ
726 1963 823 2036 ποίοις
838 1970 902 2036 τοῖς
916 1963 1062 2051 ἀγαθοῖς,
1083 1970 1136 2038 τῆς
1151 1965 1234 2038 νίκης
1247 1961 1333 2026 ἕνεκα
1347 1971 1400 2038 τῆς

302 2066 478 2158 παρούσης,
497 2064 770 2156 βουλευσομένους,
791 2071 830 2146 ὡς
844 2071 877 2134 τὸ
896 2073 989 2145 εἰκός.
1008 2074 1067 2135 Καὶ
1082 2074 1141 2163 γάρ
1160 2069 1252 2147 ούτως
1266 2068 1318 2143 ἧνῖ
1334 2072 1398 2161 ε’μοί

302 2177 499 2265 σκοπουμένῳ
515 2179 560 2243 ἐπὶ
578 2179 717 2245 πλεῖστον
734 2183 842 2271 χρόνον
858 2183 1145 2272 συγκεκλεισμένους
1160 2182 1239 2270 ὑμᾶς
1253 2187 1304 2248 καὶ
1322 2180 1398 2270 μηδὲ

302 2293 362 2349 τῶν
384 2288 487 2350 οἰκιῶν
506 2283 687 2375 δυναμένους
708 2288 899 2380 προκύπτειν,
921 2291 962 2376 μὴ
986 2290 1031 2355 ότι
1049 2286 1087 2360 δὴ
1103 2290 1235 2375 πόλεως,
1259 2289 1312 2355 διά
1331 2291 1399 2366 τούς

302 2395 426 2460 κάκιστ’
442 2397 663 2487 ἀπολουμένους
677 2399 855 2487 πολεμίους,
875 2398 979 2472 ἐπειδὴ
994 2403 1058 2477 θεὸς
1072 2398 1182 2465 δίδωσι
1195 2405 1282 2493 κάγὼ
1297 2413 1399 2494 περιῆν

302 2514 363 2571 τῶν
391 2506 526 2599 ἐχθρῶν,
553 2509 638 2596 μόλις
665 2501 784 2586 ἰδόντας
809 2510 959 2603 ἐλεύθερον
987 2521 1049 2604 ρῶς
1077 2513 1128 2574 καὶ
1161 2520 1220 2575 τῶν
1246 2506 1399 2601 δυςχερὼν

302 2621 556 2713 ἀπαλλαγέντας,
573 2625 727 2715 κρίνοντας
740 2630 799 2687 τῶν
821 2625 942 2687 εἰκότων
964 2622 1014 2685 τὸν
1031 2627 1127 2685 αἴτιον
1147 2630 1200 2697 τῆς
1216 2623 1299 2696 νίκης
1318 2621 1399 2713 εύερ-

300 2741 399 2822 γετεῖν
423 2727 497 2821 (καί
521 2733 581 2824 γάρ
604 2730 698 2810 οὕτως
719 2729 773 2818 ἦν,
801 2735 852 2798 καί
878 2725 1007 2824 ἐχρῆν),
1031 2740 1146 2823 πρῶτον
1169 2731 1338 2822 ἀνοιγνύναι
1365 2734 1398 2797 τὸ

301 2839 534 2934 βουλευτήριον,
553 2846 605 2908 καὶ
625 2841 823 2928 βουλεύεσθαι
838 2842 890 2932 μὲν
904 2853 968 2920 πῶς
982 2845 1018 2908 ἀν
1032 2840 1124 2919 ἀξίως
1138 2843 1310 2931 άμείψασθε
1329 2842 1398 2918 τοὺς

301 2953 406 3039 θεούς,
429 2962 483 3031 τῆς
504 2957 546 3031 εἰς
565 2953 645 3044 ὑμᾶς
664 2955 839 3046 εὐεργεσίας
859 2953 967 3040 ἕνεκα,
988 2952 1185 3038 βουλεύεσθαι
1208 2950 1241 3018 δὲ
1262 2957 1313 3039 καί
1336 2963 1400 3030 πῶς

299 3073 345 3155 τῷ
373 3067 451 3152 μετά
475 3066 558 3142 θεοὺς
583 3069 670 3153 αἰτίῳ
694 3075 747 3142 τῆς
770 3070 853 3142 νίκης
876 3067 941 3152 έμοί
966 3066 999 3130 ἐκ
1015 3075 1073 3131 τῶν
1093 3062 1244 3130 δυνατῶν8
1260 3068 1399 3155 φανεῖσθε

301 3175 499 3266 εὐγνώμονες.
520 3157 637 3247 Ιδπειδίι
657 3172 689 3241 δὲ
713 3179 793 3242 ούπω
816 3177 917 3252 καλῶς
941 3174 1025 3263 ὑμεῖς
1048 3175 1101 3264 μὲν
1126 3175 1323 3240 ἀνεπνεύσατε
1341 3185 1399 3241 τῶν

301 3285 336 3350 ἐκ
349 3294 404 3362 τῆς
419 3288 596 3378 πολιορκίας
610 3285 731 3367 δεινῶν,
740 3286 809 3378 ’ἐγὼ
824 3285 857 3352 δὲ
870 3296 929 3351 τῶν
943 3287 988 3350 ε’πί
1003 3297 1066 3362 τοῖς
1079 3285 1221 3372 πολέμοις
1235 3289 1396 3372 καμάτων,

302 3399 356 3462 καί
373 3397 460 3473 εὐθὺς
477 3399 492 3462 ὁ
510 3395 666 3482 βάσκανος
683 3391 770 3475 οὗτος
786 3393 861 3487 (οὐκ
879 3395 951 3463 οἶδα
968 3401 1070 3470 ποίαις
1087 3399 1254 3488 προφάσεσι
1272 3400 1400 3472 κινηθείς

301 3510 356 3572 καὶ
374 3511 403 3572 τί
418 3511 521 3573 παθὼν
539 3507 569 3584 ἐξ
586 3510 677 3596 ἐμοῦ,
698 3513 722 3575 εἰ
741 3511 782 3597 μὴ
798 3511 833 3581 ἣν
849 3512 959 3584 πάντες
976 3507 1124 3599 θρυλλείτε
1141 3509 1224 3576 νίκην
1243 3509 1294 3571 καὶ
1313 3506 1399 3571 ἐλευ-

303 3621 406 3711 θερίαν
423 3629 476 3695 τὴς
491 3620 622 3702 πόλεως,
640 3622 692 3684 καί
714 3619 768 3684 ούκ
786 3614 857 3684 οἶδα
873 3622 898 3683 εί
922 3615 1027 3683 δάκνει
1043 3623 1147 3683 τοῦτον
1168 3610 1267 3706 αὐτή)
1285 3625 1401 3707 πρῶτος

339 3856 453 3908 'Schola
463 3865 553 3916 στάσις.
898 3854 1000 3913 Ὀὕτως
1018 3856 1054 3914 ἧν,
1074 3856 1169 3906 seilicet
1185 3859 1254 3913 εἰκός.
1272 3855 1303 3904 Et
1319 3855 1400 3905 statim

338 3934 453 3985 'schoht
463 3939 607 3993 ἀντίστασις.
865 3932 936 3992 οὕτως
947 3935 984 3993 ἦν,
997 3935 1052 3984 fort·
1065 3947 1110 3985 τῶν
1123 3939 1228 3986 εἰκότων.

337 4011 419 4063 *vide
428 4031 454 4078 p.
469 4015 496 4062 41
508 4052 514 4076 ,
528 4031 553 4064 n.
565 4017 597 4078 2,
611 4013 642 4063 de
653 4015 772 4078 δημοσίοις
782 4014 839 4062 ἀδι-
898 4011 1058 4062 ⁸Formulam
1073 4017 1097 4063 ἐκ
1111 4024 1158 4064 τῶν
1176 4015 1279 4061 δυνατῶν
1298 4009 1400 4056 vidimus

305 4099 403 4156 κήμασι.
863 4088 913 4153 jam
930 4106 955 4154 p.
969 4092 1014 4148 24,
1031 4094 1062 4150 ²3
1078 4101 1102 4139 ει
1119 4091 1207 4154 saepius
1225 4088 1261 4136 sic
1277 4087 1399 4151 loquetur.

338 4169 508 4233 ’Μελετῶμεή
521 4169 577 4218 vide
591 4186 617 4234 p.
635 4173 642 4216 1
658 4207 664 4229 ,
678 4178 702 4219 et
717 4169 783 4218 θεοί.
798 4169 837 4219 vl.
865 4167 1035 4232 Thucydides,
1057 4171 1087 4218 2.
1108 4172 1138 4216 3:
1159 4169 1210 4216 ἐπεὶ
1225 4167 1249 4214 δὲ
1266 4170 1296 4221 ὡς
1313 4166 1337 4213 ἐκ
1355 4174 1401 4214 τῶν

339 4247 455 4297 “Schola
464 4249 488 4297 ἐκ
503 4255 636 4316 περιουσίας
650 4254 676 4297 τὸ
690 4255 822 4314 προοίμιον.
866 4247 971 4294 δυνατῶν
990 4247 1074 4308 ἕτοιμα
1085 4244 1122 4300 ἦν.
1139 4245 1225 4293 Noster
1237 4242 1298 4290 dixit
1311 4249 1342 4292 τὰ
1358 4244 1401 4292 δυ-

339 4325 436 4386 ⁰Cod.‚
458 4333 508 4378 τοῦ.
533 4326 633 4377 Scilicet
651 4329 840 4396 βουλευσομένους
867 4323 1117 4380 νατά,οοίίίσεῑκατὰ
1130 4323 1267 4381 τὰδυνατά,
1277 4338 1301 4386 p.
1316 4324 1355 4380 18,
1370 4325 1399 4380 6;

304 4409 359 4472 περὶ
372 4410 415 4455 τοῦ
425 4413 516 4463 πῶς...
870 4403 910 4460 63,
921 4403 964 4461 25,
974 4411 998 4450 οι
1010 4401 1071 4450 infra
1078 4421 1086 4462 ;
1097 4423 1118 4450 κ.
1130 4409 1155 4452 το
1167 4402 1272 4459 δυνατόν,
1286 4418 1312 4466 ρ.
1324 4403 1365 4461 51,
1378 4406 1398 4450 Ι.
