3684 5659
445 592 466 661 2
784 600 917 661 stoi
944 597 1199 663 ΠΑΧΥΜΕΡΟΥΣ
1474 632 1494 661 s

444 734 495 796 καί
515 734 650 820 μάχαις,
674 734 713 795 τά
735 731 876 821 όπλαθ
830 736 876 797 τιθ
879 736 920 809 εὶς
942 733 1097 825 ἔγκλημα,
1119 736 1150 827 τί
1170 734 1206 797 άν
1228 735 1302 799 ἄλλο
1324 747 1537 830 κατηγορῆσαι

443 842 549 908 τούτου
567 845 754 975 ἀπόσχοιτο·
773 823 845 935 Εγώ
864 840 897 908 δὲ
914 847 1010 934 χάριν
1023 848 1086 934 ἔχω
1101 853 1164 921 τοῖς
1180 844 1415 935 πολισσούχοις1
1435 851 1535 935 θεοῖς,

444 953 489 1019 ότι
510 953 554 1045 ἐφ’
572 978 654 1041 υμων
671 979 686 1018 ο
707 955 791 1041 τάμά
808 956 942 1029 κακίζων
959 965 1089 1020 ποιεῖται
1108 980 1177 1031 τους
1198 954 1376 1046 λόγους,
1347 982 1398 1033 ους
1416 961 1537 1050 μάρτυ-

443 1091 499 1158 ρας
516 1067 553 1130 διν
570 1075 621 1141 τῆς
636 1066 711 1156 πρὸς
727 1066 780 1136 τὴν
798 1066 883 1130 πόλιν
897 1065 969 1151 ἐμῆς
987 1066 1103 1141 εὐνοίας
1119 1063 1216 1142 ἡδέως
1232 1073 1490 1159 παρεστησάμην,
1511 1077 1537 1138 εἰ

443 1176 516 1267 παρ’
537 1177 647 1269 ἑτέροις
667 1185 720 1252 τῆς
743 1176 814 1263 ἐμῆς
836 1176 988 1262 πολιτείας
1011 1175 1134 1252 εὐθύνας
1155 1179 1373 1268 ἠναγκαζόμην
1394 1175 1535 1267 διδόναι,

444 1281 495 1351 οἷα
512 1288 590 1378 φιλεῖ
605 1297 668 1363 τοῖς
682 1283 974 1393 δημοκρατουμένοις
991 1289 1190 1378 γίνεσθαι,’
1167 1313 1208 1362 εις
1225 1289 1446 1416 φἰκριθεστάτην
1462 1296 1538 1384 γνώ-

444 1424 502 1484 μης
519 1395 666 1473 ἐξέτασιν.
686 1373 851 1462 ίίτοπον
814 1422 873 1489 γαρ
890 1423 914 1462 ει
908 1394 1028 1473 ’ξένους
1038 1407 1174 1489 παρῆγον
1191 1397 1260 1473 τοὺς
1274 1405 1535 1492 μαρτυρήσοντας,

445 1510 496 1572 καί
515 1509 556 1595 μη
573 1533 642 1583 τους
663 1506 734 1599 ὑπὲρ
753 1501 810 1592 ὧν,
836 1534 889 1572 και
879 1508 1051 1637 γλῶσσαν
1075 1516 1162 1572 κινῶν
1185 1507 1214 1572 ἐν
1235 1505 1363 1592 βουλαῖς
1385 1513 1436 1575 καὶ
1441 1509 1537 1621 δόρυ

445 1617 577 1709 στρόφιον
601 1617 630 1682 ἐν
655 1620 797 1706 μάχαις,
817 1617 969 1749 ὁσημέραι
994 1614 1142 1683 διετέλουν
1166 1620 1398 1708 ἀγωνιζόμενος.
1427 1601 1536 1708 Ᾰμέλει

445 1753 491 1793 τοι
509 1755 560 1794 και
551 1731 727 1820 θάρρος’
711 1754 772 1817 εχω
794 1729 828 1792 τό
850 1727 991 1819 μέγιστον
1014 1729 1055 1803 ὡς
1078 1754 1113 1793 ου
1100 1725 1381 1820 ’διαφευξεῖται
1352 1756 1387 1795 το
1404 1733 1532 1818 άληθές,
1570 1710 1573 1717 .

445 1839 524 1904 άλλόι
539 1842 591 1904 καὶ
612 1843 770 1932 ῥητορικῆς
787 1841 909 1914 ἁπάσης
925 1836 1056 1932 ὑπερέξει
1075 1835 1315 1924 δεινότητοςκαὶ
1339 1838 1429 1919 δείξει
1446 1845 1537 1931 μόνον

445 1958 552 2033 νικῶν,
570 1948 643 2041 παρ’
662 1948 730 2035 ὑμῖν
747 1951 901 2066 κρίνουσι,
920 1957 1024 2014 πάσαν
1041 1953 1228 2040 συκοφάντου
1246 1950 1392 2017 ἐπίνοιαν.

493 2056 653 2173 Ηυχόμην’
671 2059 723 2147 μὲν
742 2083 792 2124 ουν
806 2067 927 2135 -πώς
946 2060 983 2124 άν
1005 2065 1117 2191 εἴποιμι
1135 2060 1306 2153 ευπρεπὼς;
1325 2098 1376 2110 -
1389 2066 1431 2151 μὴ
1447 2070 1518 2157 Περι

444 2171 516 2241 κλην
535 2175 626 2256 ὄντα,
644 2173 741 2236 ani‘
716 2165 777 2235 οἷον
791 2166 895 2237 οίδατε
911 2173 1040 2255 πάντες,
1058 2169 1109 2258 ἐμε
1127 2175 1303 2264 κρίνεσθαι,
1322 2167 1426 2240 ἀλλ”
1412 2201 1464 2263 εμε
1483 2175 1537 2265 μὲν

444 2274 520 2348 εἶναι
537 2284 588 2348 τόν
603 2282 649 2348 ἐπι
669 2282 815 2358 τοιοότοις
831 2278 883 2348 καὶ
905 2284 994 2369 μόνον
1009 2281 1174 2374 φεύγοντα,
1193 2284 1269 2355 πλην
1284 2287 1395 2377 γυμνόν
1414 2289 1538 2365 ἁπάσης

445 2389 632 2477 δεινότητος,
649 2395 723 2483 μόνη
741 2389 774 2458 δε
788 2394 891 2484 γνώμη
908 2393 1013 2458 πιστὸν
1028 2390 1198 2484 φιλοπόλιδι
1215 2397 1267 2459 καὶ
1280 2420 1316 2484 τη
1329 2397 1403 2488 πρὸς
1415 2399 1465 2462 τὸν
1481 2395 1536 2470 δὴ-

443 2527 499 2589 μον
521 2503 657 2589 εὐμενείᾳ
679 2502 865 2594 θαρροῦντα·
892 2500 969 2568 οὕτω
987 2504 1046 2596 γάρ
1069 2504 1106 2568 ἂν
1128 2503 1295 2569 άνόποπτον
1313 2502 1396 2594 εἶχον
1413 2542 1464 2554 -
1481 2507 1537 2574 σὺν

444 2610 520 2701 θεῷ3
537 2610 567 2678 δ’
583 2617 710 2705 εἰρήσθω
723 2650 773 2661 -
784 2616 836 2686 την
848 2617 949 2699 νίκην,
969 2616 1022 2679 καὶ
1038 2614 1127 2706 λόγος
1139 2611 1239 2690 οὐδεὶς
1254 2625 1317 2691 τοῖς
1334 2620 1537 2708 συκοφάνταις

445 2723 595 2808 ἐλείπετο,
615 2726 656 2799 ὡς
672 2726 831 2816 γλώσσης,
847 2725 914 2790 ἀλλ’
934 2725 969 2790 οὐ
987 2727 1108 2816 γνώμης
1123 2727 1176 2790 καὶ
1195 2726 1356 2813 ἀληθείας,
1375 2731 1537 2822 ἀγώνισμα

445 2933 485 2981 tiae
506 2932 583 2993 Cice„
602 2931 619 2998 §
637 2932 682 2981 241
703 2952 709 2981 t
728 2938 840 3002 πονηρόν,
857 2932 875 2984 ὧ
896 2935 976 3003 ἄιδρις
1039 2934 1138 2992 ¹Cod.,'
1154 2937 1311 2998 πολισοθχοις.
1329 2934 1400 2995 Quod
1419 2935 1537 2986 mendum

444 3007 570 3072 Ἀθηναῖοι,
583 3017 705 3081 πονηρὸνὸ
720 3018 871 3080 συκοφάντης.
886 3011 976 3062 lnfiniti
1004 3022 1041 3061 est
1062 3024 1087 3062 et
1103 3013 1128 3062 in
1146 3013 1247 3063 vetustis
1265 3012 1373 3078 AEsohyii
1390 3013 1538 3064 editionibus

445 3090 779 3177 snntdesycophantisloci.
793 3089 847 3140 Uno
861 3089 979 3155 defungar
1004 3091 1093 3150 Theb„
1118 3093 1183 3152 957
1210 3093 1267 3140 829.
1292 3091 1385 3141 Nomen
1409 3091 1539 3142 illustravit

444 3168 570 3218 Menandri
580 3168 675 3217 Sent
656 3184 729 3232 cinga
739 3165 937 3237 Οτυκοραντης
928 3175 977 3218 εστι
1003 3169 1091 3218 Blomf.
1107 3169 1139 3219 ad
1150 3168 1229 3218 Theb
1242 3170 1283 3218 69.
1297 3168 1335 3219 Gi.
1345 3167 1419 3220 Thes.
1431 3169 1468 3220 St.
1481 3170 1536 3220 Did
1600 3165 1602 3168 ⁴

444 3246 1538 3335 τοῖςπέλαςλθκος.611111111Μθι11θ111111111·’δολολαδεντερονπροοίμιονιξνπρλή-

445 3336 534 3386 tatem,
562 3328 623 3375 ἐστὶν
649 3328 671 3375 ἐν
698 3330 764 3376 πόλει
791 3329 812 3375 λ.
841 3324 958 3374 Inveni
951 3341 976 3374 111
1004 3331 1063 3390 ψεως
1078 3322 1393 3393 καίαῦτοῖντοῦπροςώπον

445 3404 502 3454 cod.
525 3404 631 3454 16962’
600 3411 683 3454 ·ιοτὶν
702 3401 798 3460 υπουλος
815 3406 889 3460 λύκος.
913 3402 980 3452 For-
1037 3403 1174 3453 3λὀιιιιυλκ
1189 3414 1227 3454 cst
1240 3403 1350 3454 modeste
1360 3402 1497 3470 loquentis
1507 3413 1537 3469 ¹et

446 3496 510 3534 tasse
521 3499 604 3533 versus
615 3484 660 3533 snit
670 3483 782 3549 primitus
791 3482 902 3546 integer:
914 3478 976 3532 οο.
1003 3499 1018 3532 a
1030 3499 1057 3533 se
1075 3482 1148 3532 veluti
1164 3482 1277 3532 Nemesin
1295 3483 1441 3532 amolientis.
1455 3482 1538 3531 Potest

444 3565 494 3613 ἐστὶ
509 3568 555 3629 γὰρ
569 3559 665 3619 ὕπουλος
680 3567 702 3611 λ.
722 3560 854 3611 Particulas
867 3566 920 3624 μέν,
936 3561 976 3620 δὲ,
1003 3563 1091 3627 inspici
1106 3577 1179 3628 qnam
1197 3561 1300 3627 apposni
1315 3562 1372 3612 huic
1383 3561 1440 3610 icco
1453 3561 1537 3610 notula

444 3634 507 3712 γάρ,
519 3659 584 3709 saepe
596 3645 730 3693 omiserunt
743 3641 922 3707 descriptores,
937 3642 977 3706 qui
1003 3641 1027 3690 in
1039 3640 1132 3690 Anecd.
1142 3640 1186 3689 Gr.
1198 3649 1216 3690 t.
1228 3640 1259 3702 V,
1270 3658 1296 3706 p.
1309 3640 1536 3704 35230011atosat-

444 3723 577 3772 sententias
600 3721 726 3786 generales
752 3721 912 3772 venabantur.
937 3720 978 3770 Sic
1003 3720 1081 3770 masin
1094 3719 1126 3768 ad
1138 3719 1249 3769 Aristaeo.
1265 3719 1289 3768 in
1305 3720 1439 3769 auctarinlc
1455 3718 1538 3768 Abre-

445 3801 564 3850 Arscnius
582 3800 739 3865 Euripideam
760 3800 905 3849 sententiam
933 3798 978 3848 dc·
1003 3797 1118 3858 anitiano,
1131 3812 1157 3860 p.
1178 3798 1224 3856 63;
1238 3794 1389 3859 Krabingero
1399 3795 1432 3844 ad
1447 3796 1534 3860 Syrtes.

444 3879 575 3945 scripserat
595 3878 778 3943 imperfectam,
799 3873 860 3945 ’λνὴρ
878 3885 978 3945 χρηστὸς
1003 3875 1087 3936 Cain,
1122 3891 1149 3940 p.
1186 3875 1241 3923 tto.
1267 3873 1400 3937 Procopius
1437 3872 1537 3925 Gazaens

413 4017 421 4025 ·
443 3967 546 4028 χρηστὸν
567 3959 683 4008 αἰδεῖσθαι
707 3961 786 4026 φιλεῖ,
808 3956 848 4006 oui
872 3968 978 4007 metrum
1002 3954 1081 4020 Epist.
1095 3954 1127 4003 25
1137 3953 1392 4020 Μυὶοπτθεὴπατρῖς
1404 3958 1443 4001 σὺν
1455 3957 1498 4003 θεῶ
1510 3956 1536 4004 δὲ

443 4037 549 4088 restituit
567 4036 696 4100 Wagner„
714 4036 744 4085 ir
771 4035 846 4094 1061,
869 4034 977 4104 scripto,
1003 4035 1116 4101 εἰρήσθω,
1128 4029 1535 4100 εθμινῖοινεῖδενὴμᾶςὀφθαλμοῖς
1593 4092 1595 4097 Ι

444 4126 502 4186 ανηρ
516 4118 541 4167 δε
557 4137 599 4183 χρ.
620 4116 675 4181 lpse
693 4115 752 4164 olim
765 4113 796 4164 ad
813 4114 876 4164 Phil.
896 4113 976 4178 Epist.
1003 4112 1072 4162 Plato
1084 4111 1161 4177 Epist
1175 4111 1208 4158 41
1219 4114 1251 4160 τὰ
1263 4104 1535 4178 μὲνουνεῖςτὸπαρόν,
1597 4172 1600 4177 Ι

442 4209 633 4259 proposueram,
650 4195 709 4262 ἀνὴρ
727 4196 739 4244 ό
758 4213 799 4261 χρ.
821 4193 847 4241 ln
867 4189 976 4256 ejusdem
1003 4195 1042 4240 σὺν
1055 4182 1207 4257 θεῷοίπιῖν
1181 4209 1245 4253 εχει
1256 4191 1341 4243 καλως
1353 4188 1428 4238 Mox.
1422 4191 1534 4250 ·ἐπειδή,

442 4273 577 4336 fragmento
598 4274 612 4319 't
640 4271 731 4322 excidit
755 4271 888 4336 typothetae
911 4268 978 4318 aliud
1003 4288 1043 4317 ουν
1054 4271 1128 4319 θιω
1108 4277 1181 4318 ιιπειν
1184 4267 1365 4336 ,ρᾴῖιονέοται.
1376 4267 1459 4318 Codex
1471 4269 1535 4317 3009
1587 4320 1592 4331 Ι

445 4349 554 4414 agentii’
562 4347 860 4418 ροεῑάνδρός.λνδροςδ’
850 4368 881 4398 υπ
883 4348 978 4398 ’ἐσθλοῦ
1002 4345 1056 4395 sine
1066 4321 1357 4411 ιίτιιῖνάλοιιίιοοτμθ,
1367 4346 1532 4396 19εοιλλεολκ-

447 4433 485 4477 καὶ
498 4430 658 4494 τυραννεῖσθαι
669 4431 750 4479 καλόν,
1004 4422 1079 4473 matio
1090 4423 1111 4471 ΙΙ
1122 4432 1239 4473 extrema.
