3684 5659
813 622 970 687 MEAETH
994 612 1038 686 z'.
1397 624 1466 693 4⁶25

370 782 429 835 τως
446 758 489 833 ὡς
505 754 689 842 ἀδικοῦντα,
714 756 825 834 ἐκεῖνος
847 758 959 823 κελεύει
983 761 1035 823 καί
1063 756 1142 834 ξένον
1162 766 1326 852 στεφανοῦν
1343 762 1465 854 εὐεργε-

370 872 522 940 τήσαντα.
551 873 588 934 Εἰ
612 871 672 961 γὰρ
699 864 752 933 διά
775 871 828 939 τὴν
849 864 1100 999 προςδοκωμένην
1127 866 1292 936 ἀδικίαν’
1275 898 1293 942 η
1319 874 1463 952 κόλασις,

369 979 473 1067 πολλῷ
489 1005 525 1072 γε
542 980 657 1068 μᾶλλον
674 976 777 1045 διά“
747 1003 799 1051 την
816 978 975 1071 γενομένην
992 979 1166 1070 εὐεργεσίαν
1181 1006 1200 1052 η
1190 978 1373 1072 εἀποδοχή.

420 1071 573 1176 Ᾰνήλθον,
589 1091 713 1200 μίμοις,
734 1087 888 1167 ξένοςῶυς
914 1088 1040 1154 ἀλλὀὐ
1057 1093 1138 1155 κατά
1155 1087 1255 1168 ξένους
1270 1093 1339 1170 τοὺς
1355 1094 1466 1172 ἀλλους

370 1204 554 1294 ἠρίστευσα.
581 1207 668 1268 Εστω
692 1203 726 1268 τὸ
749 1200 915 1266 ἀνελθεῖν’
902 1201 973 1288 εμόυ
989 1197 1145 1290 ἀδίκημα,
1170 1205 1222 1267 καί
1240 1207 1324 1296 παρὰ
1341 1207 1466 1293 νόμονὴ

370 1310 523 1404 πρᾶξις’
509 1311 601 1402 εμή’·
630 1310 726 1379 ἔστιν’
749 1314 801 1377 καὶ
826 1314 845 1383 ἡ
872 1314 1031 1402 ἀριστεία,
1057 1320 1110 1388 τῆς
1140 1313 1307 1390 πόλεως’
1281 1316 1465 1408 ευεργέτημα

370 1424 446 1517 παρ’
475 1424 569 1512 ἐμοῦ,
601 1424 655 1490 οὐκ
680 1425 822 1509 ἄλλοθεν,
854 1423 933 1488 ἀλλά
959 1417 1012 1487 διόι
1038 1421 1151 1501 ταύτης
1176 1432 1228 1499 τῆς
1251 1421 1399 1516 πράξεως.
1428 1431 1465 1492 Εἰ

372 1531 403 1600 δ’
415 1535 551 1628 ἐτηρεῖτο
564 1538 653 1625 νόμος
665 1539 717 1602 καὶ
731 1539 750 1607 ἡ
764 1535 849 1610 πόλις
862 1534 1002 1605 ἡλίσκετο
1011 1582 1022 1620 ,
1041 1538 1071 1598 τί
1087 1534 1188 1600 λοιπόν
1204 1531 1239 1606 ἦν
1256 1536 1275 1608 ἢ
1291 1539 1343 1601 καὶ
1358 1540 1466 1626 νόμους

372 1645 487 1723 αὐτοὺς
519 1651 570 1713 καὶ
602 1649 756 1714 πολιτείαν
779 1648 980 1738 ἀφανισθῆναι
1010 1647 1062 1709 καί
1090 1649 1190 1712 πάντα
1215 1648 1254 1711 τά
1277 1656 1331 1724 τῆς
1352 1649 1466 1727 πόλεως

372 1751 497 1824 δίκαια.
524 1738 613 1826 Ιλστω
634 1758 818 1851 παραόασία
840 1758 933 1845 νόμου
954 1766 1006 1833 τῆς
1028 1753 1174 1848 πατρίδος
1192 1756 1391 1851 ἀντίλυτρονθ,
1411 1764 1463 1827 καί

372 1868 520 1944 σωζέσθω
540 1871 643 1958 νόμοις
666 1870 809 1953 ἡπόλις,
834 1868 910 1939 πλὴν
932 1866 1001 1933 κατ’
1025 1869 1198 1960 ἀμφότερα,
1222 1868 1259 1934 ἵν’
1280 1871 1315 1942 ἣν
1332 1873 1464 1947 σώζουσι

371 1978 609 2116 φυλαττόμενοι,
630 1981 742 2053 ταύτην
759 1982 810 2046 καί
830 1978 1113 2071 παραθεωρούμενοι
1131 1981 1268 2056 σώζοιεν.
1289 1986 1325 2046 Εἰ
1348 1979 1381 2048 δὲ
1398 1985 1463 2049 σόν-

373 2094 461 2166 ζουσι
483 2090 537 2181 μὲν
558 2093 603 2159 ότι
624 2094 841 2184 φυλάττονται,
861 2090 973 2155 ἀπολλ
953 2114 1009 2154 υσι
1027 2086 1123 2176 δέ,’
1099 2115 1123 2155 ει
1145 2116 1229 2183 παρα
1232 2095 1386 2184 Θεωροῖντο
1409 2123 1464 2184 μι-

372 2202 458 2293 κρόν,
477 2206 531 2269 καί
545 2202 627 2269 τοῦτ’
645 2207 732 2269 ἔσται
746 2200 816 2279 ἐξ”
790 2227 924 2278 απαντος
928 2196 1062 2286 ιδεῖξον,
1078 2207 1184 2287 τοῦτο,
1203 2205 1256 2268 καὶ
1273 2207 1342 2269 νίκα
1354 2205 1461 2297 λέγων,

371 2338 426 2379 και
416 2309 567 2392 δίκας
553 2315 688 2405 νπεχέτω
713 2316 728 2380 ό
748 2324 784 2404 τῇ
805 2313 889 2380 πόλει
905 2322 959 2390 τῆς
978 2313 1130 2389 ἀπωλείας
1147 2319 1257 2390 αίτιος.
1279 2296 1356 2403 Ε’ὶμοὶ
1380 2314 1458 2381 δ”
1430 2343 1464 2382 ου

371 2428 513 2558 προςήκει
532 2422 706 2493 διδόναι·
690 2450 793 2492 εσωσα
809 2428 883 2517 γάρ,
904 2449 959 2489 ουκ
977 2422 1136 2488 ἀπώλεσα.
1154 2426 1213 2489 Καί
1232 2421 1354 2495 δῆλον
1338 2454 1378 2503 ως
1395 2423 1465 2493 οὐδὲ

371 2537 463 2624 νόμον
482 2534 645 2629 παρεῖδον,
671 2537 750 2603 ἀλλά
774 2538 855 2602 κατά
877 2537 985 2622 νόμους
1009 2537 1085 2626 ἔπροι
1065 2531 1138 2610 οι.ξα
1161 2538 1198 2599 Εἰ
1219 2537 1278 2627 γὰρ
1302 2534 1462 2629 παρεῖδον,

372 2647 520 2715 ἀπώλεσα
537 2657 588 2733 ἄν,
608 2650 663 2716 οὐκ
679 2653 782 2715 ἔσωσα
800 2649 882 2714 κατόι
899 2672 951 2717 την
968 2644 1026 2711 ὑπό
1028 2649 1121 2712 6.εσιν
1141 2649 1214 2712 Επει
1234 2643 1325 2713 δὲ’
1291 2673 1357 2714 ουτε
1375 2651 1465 2738 νόμος

371 2759 550 2851 παρεόοίθη,
568 2763 656 2854 κάγὼ
671 2785 725 2832 την
740 2759 853 2826 πόλιν’
841 2785 874 2825 εκ
890 2767 949 2824 τῶν
967 2755 1159 2824 δυνατῶνΓ
1132 2759 1337 2850 ευηργέτησα,
1356 2771 1461 2850 τιμῆς,

372 2870 443 2936 ἀλλ’
461 2870 496 2937 οὗ
512 2872 667 2948 κολοίσεως
684 2878 745 2942 εἴην
762 2871 799 2936 ἀν
816 2867 913 2946 ἀξιος.
933 2872 969 2934 Τί
984 2869 1087 2935 λοιπόν
1104 2869 1222 2959 ἐπέχεις
1236 2869 1315 2959 ἐμοί,
1331 2873 1383 2937 καί
1402 2879 1464 2938 ἀνω

371 2982 426 3047 καί
453 2986 538 3048 κοίτω
564 2984 599 3048 τὸ
617 2979 728 3059 «ξένος
754 2978 780 3046 εἷ
800 3007 828 3067 ν,
855 2984 907 3047 καί
934 3005 948 3036 κ
971 2980 1128 3057 ἀνῆλθες»
1150 2980 1265 3073 λέγεις,
1293 2984 1332 3047 τά
1356 2979 1390 3048 δέ
1412 2992 1465 3061 τῆς

372 3092 532 3184 ἀριστείας
556 3091 879 3235 παρατρέχεις·ἐκών;
911 3091 1005 3183 ὥςπερ
1033 3093 1070 3157 ἀν
1100 3095 1124 3157 εἰ
1149 3097 1201 3159 καὶ
1227 3095 1328 3184 ἰατρόν
1355 3098 1466 3186 ἔκρινες

372 3212 468 3334 τομῆς
483 3231 537 3270 και
555 3200 708 3281 καύσεως”
720 3212 779 3268 τῶν
794 3203 1063 3294 ἀλγεινοτάτων
1029 3210 1072 3266 τῶ
1092 3204 1257 3291 ποίσχοντι,
1275 3204 1328 3275 τὴν
1346 3202 1403 3269 δ’“
1392 3231 1465 3271 επο-

372 3314 464 3402 μένην
479 3315 515 3381 οὐ
536 3318 682 3392 συνενόεις
698 3313 826 3408 ὑγίειαν.
846 3309 922 3378 Είπε
941 3315 999 3406 γὰρ
1018 3314 1055 3377 ἀν
1072 3312 1183 3389 ἐκεῖνος
1199 3317 1276 3401 μετὰ
1294 3318 1467 3407 παρρησίας

371 3426 448 3557 πρός
463 3426 517 3491 σέ·
538 3451 555 3484 ιι
572 3427 786 3517 Ανόρωπε,6ε
773 3422 883 3501 ἐλεις“
870 3426 992 3516 υγείαν;
1017 3448 1068 3488 και
1095 3428 1194 3487 ταῦτα
1215 3419 1397 3500 καταδέξαι.
1421 3425 1466 3490 Ού

372 3538 432 3629 γὰρ
451 3540 532 3603 ἐστιν
552 3537 626 3604 ὅπου
644 3536 755 3612 ταύτης
776 3534 899 3624 τύχοις,
925 3533 1042 3600 ἐκείνων
1050 3536 1203 3624 χωρίς.
1173 3558 1203 3598 ν.
1223 3514 1341 3598 Αλλ”
1312 3559 1346 3597 ου
1364 3559 1466 3600 κατοι-

373 3645 453 3740 δέχῃ
464 3650 578 3727 ταύτης
583 3647 667 3735 ⁷‚xa2
659 3651 745 3714 ίσθι
758 3644 851 3737 μηδεν
862 3647 987 3713 ἄλλοθεν
1002 3647 1038 3711 ἀν
1052 3647 1104 3737 τόν
1082 3647 1272 3737 ἀριστείαν
1285 3643 1465 3733 ληψόμενος.

423 3762 471 3833 Μὴ
494 3756 598 3853 λόγι’·
623 3786 640 3819 ι(
663 3738 807 3835 Αλλως’
794 3767 885 3851 εχρήν
910 3756 1087 3849 ἀριστεύειν,
1121 3756 1352 3848 ὁπλοφορεῖν,ε
1338 3751 1464 3839 ἐξιέναι,

408 3972 416 3999 ¹
430 3972 494 4023 ³5⁰⁰
506 3971 596 4023 firmari
609 3972 705 4023 videtur
715 3969 781 4035 quod
792 3967 905 4033 proposui
969 3978 978 4004 ⁵
990 3978 1024 4026 De
1033 3977 1135 4027 formula
1148 3979 1172 4027 ἐκ
1184 3978 1287 4026 δυνατῶν
1297 3993 1322 4041 p.
1336 3978 1466 4038 112‚n.5.

373 4052 530 4103 scribendum
543 4068 570 4117 p.
585 4053 631 4111 39,
642 4068 668 4101 ο.
680 4051 693 4098 4
706 4072 714 4102 ι
725 4056 739 4108 ἡ
752 4056 837 4119 πρᾶξις
847 4053 906 4116 ἐμή,
967 4055 1022 4104 ‘De
1033 4055 1136 4105 medicis
1149 4055 1276 4105 urentibus
1288 4065 1312 4102 οι
1330 4054 1468 4104 secantibus

374 4137 445 4197 ρτοὴ
458 4137 545 4198 πρᾶξις
558 4134 619 4197 ἐμοί.
934 4135 995 4184 infra
1007 4134 1105 4183 dicendi
1117 4135 1185 4183 Ιυσιιο
1196 4134 1244 4183 erit
1257 4133 1289 4181 ad
1304 4131 1467 4182 Declamatio-

407 4208 523 4261 'Schola
535 4212 681 4268 ἀντίστασις.
934 4229 989 4263 nem
1007 4223 1127 4263 octavam.
1140 4211 1178 4261 Cf.
1195 4212 1276 4260 Cicer.
1293 4210 1373 4259 Ιοσιιιιι
1393 4225 1468 4275 συρτει

405 4287 567 4359 ’λυτιλντμον
585 4306 674 4340 nomen
690 4299 727 4340 est
744 4304 854 4354 personae
868 4303 908 4337 οι·
934 4311 960 4359 p.
972 4292 1013 4352 65,
1023 4308 1047 4339 η.
1061 4292 1085 4340 ⁴.

373 4381 476 4434 sumpta
485 4386 535 4421 non
545 4370 702 4422 conveniens.
968 4369 1028 4421 'Sic
1038 4368 1125 4420 codex.
1141 4368 1218 4418 Locus
1231 4382 1279 4417 non
1297 4375 1335 4415 οοῑ
1348 4367 1451 4432 integer.

406 4446 469 4510 *Ἐξ
477 4452 598 4513 ἅπαντος,
611 4450 707 4499 scilicet
717 4455 813 4517 τρόπον.
969 4449 978 4476 ⁸
992 4450 1084 4500 schoht
1095 4454 1233 4516 μετάληψις.
