3684 5659
763 606 918 667 MEAETH
944 593 987 666 ι’.
1346 604 1416 676 ιη

694 736 717 756 Ἰ

318 761 387 822 την,
413 734 483 843 ἀλλ’
510 733 612 811 ὅπλοις
634 744 771 827 στερροῖς
792 734 1034 828 κατάφροικτος’,
1063 740 1115 803 καῖ
1141 735 1214 833 θόρυ
1237 750 1340 827 κινῶν,
1364 747 1415 809 καί

318 847 440 935 μέλπων
460 842 555 937 Αρη’,
576 845 629 910 καί
650 841 793 936 φούερὸν“
809 845 981 912 ἀναθαίνων
1003 847 1107 912 ίππου.
1130 851 1189 913 Καὶ
1217 849 1271 915 σῦν
1290 855 1418 963 γενναίῳ

317 958 371 1023 καῖ
390 951 521 1049 ἀρεῖκῷ*
537 958 703 1046 φρονήματι
720 958 829 1032 ποίντες
846 955 989 1022 ἐκύκλονν
1007 957 1057 1022 τὸν
1076 961 1259 1051 στρατηγόν.
1278 963 1364 1053 Ορμὴ
1382 958 1417 1028 δὲ

317 1069 438 1145 τούτοις
462 1070 518 1156 μία
545 1069 597 1133 καῖ
627 1069 761 1152 σκοπός,
788 1069 829 1144 ὡς
856 1063 945 1152 ῖθεῖν,
975 1071 1181 1158 ἀπαραίτητος
1208 1081 1271 1147 τοῖς
1301 1076 1415 1162 τείχεσι

315 1178 512 1272 προςύοιλεῖν.
529 1183 635 1247 Ταῦτα
647 1180 706 1270 γάρ
719 1180 771 1245 καῖ
790 1177 859 1267 ὑμῖν
875 1178 1056 1270 ἠγγέλλετο,
1077 1182 1129 1245 καί
1143 1182 1214 1268 η’ρῖν
1230 1178 1266 1254 ἦν
1279 1183 1412 1250 ἀκούειν.

315 1292 364 1357 Τά
390 1286 423 1355 δ’
450 1289 582 1356 ἐντεῦθεν
610 1285 692 1355 εἷθον
716 1291 805 1382 κάγὼ
827 1289 881 1356 σῦν
908 1291 1047 1367 πολλοῖς·
1076 1300 1156 1376 πῶς,
1182 1300 1241 1358 τῶν
1268 1293 1416 1389 ὑμετέρων

315 1402 464 1493 γενναίως
493 1404 761 1495 προςκρονσοίντων
788 1401 913 1487 αῦτοῖε,
947 1400 1070 1487 ι’κεῖνοι,
1099 1399 1193 1490 μηδὲν
1220 1401 1394 1482 ὑπεκδύντες
1401 1453 1412 1486 ,

316 1511 387 1578 ἀλλ’
406 1510 591 1589 ὑποστάντες
606 1511 659 1583 τὴν
676 1510 842 1599 σνμθολύν,
862 1513 914 1576 καὶ
933 1509 1004 1576 καθ’
1023 1509 1133 1589 αῦτοῦς
1152 1513 1266 1600 μᾶλλον
1283 1519 1416 1582 συστσέν-

314 1646 385 1708 τες,
405 1628 524 1691 κινοῦσι
543 1621 684 1707 τούτους,
702 1619 754 1698 οῦς
776 1624 829 1688 καῖ
848 1622 1026 1699 πλήττοντες
1048 1623 1103 1689 οῦκ
1120 1627 1261 1710 ἀνίεσαν,
1278 1622 1414 1709 βαλλόν-

315 1757 378 1801 των
394 1737 503 1801 θπισθε
518 1736 571 1800 καὶ
595 1742 655 1800 τῶν
676 1730 818 1811 τοξοτῶν,
839 1735 952 1821 καὶμὴ
976 1735 1090 1800 ἐώντων
1105 1735 1338 1827 ἀντοφθαλμεῖν,
1358 1736 1415 1815 ἕως

316 1836 354 1912 οῦ
370 1855 436 1923 τοῖς
462 1849 579 1935 τείχεσι
604 1843 846 1936 προςεπέλασαυ.
864 1845 924 1909 Καὶ
944 1848 969 1910 εἰ
993 1846 1035 1934 μὴ
1053 1841 1089 1917 ἥν
1112 1848 1226 1911 ἄνωθεν
1247 1850 1348 1937 σνχνά
1373 1851 1413 1914 τά

315 1953 519 2051 ῥιπτούμενα,
538 1957 596 2023 κᾶν
612 1955 779 2047 ὑπερέσχον
796 1957 878 2020 κατὰ
898 1958 1027 2046 κράτος,
1046 1960 1101 2022 καί
1116 1983 1145 2023 τι
1161 1958 1214 2023 καὶ
1233 1966 1292 2023 τῶν
1310 1955 1412 2026 θεινο-

315 2073 417 2137 τοίτων
433 2067 564 2161 ἐγένετο.

366 2177 460 2247 To'n'
479 2176 574 2256 οὕτως
594 2179 725 2269 ἐχόντων
740 2186 800 2243 τῶν
819 2181 1007 2270 πραγμάτων
1029 2188 1066 2268 τῇ
1089 2179 1192 2264 πόλει,
1211 2185 1236 2247 εί
1262 2178 1414 2271 παρέστην

316 2290 379 2384 ίγύ
392 2314 445 2357 σοι
461 2296 505 2377 τῷ
516 2294 567 2355 νῦν
583 2287 808 2380 ῦπερμοιχοῦντι
821 2296 880 2353 τῶν
896 2289 1008 2375 νόμων,
1028 2290 1081 2353 καὶ
1099 2290 1152 2360 τὴν
1170 2287 1282 2374 βουλὴν
1301 2290 1414 2355 ἐκοινο-

315 2401 470 2495 λογούμην
482 2401 591 2494 λέγων·
612 2426 627 2457 ν
639 2401 799 2492 Περιαλγεῖ)
815 2392 879 2476 τοῖς
896 2397 1050 2491 ὑμετέροις
1065 2403 1191 2465 πάθεσι·
1210 2402 1261 2466 τὸν
1277 2397 1414 2467 κίνδυνον

315 2510 434 2600 βλέπω
459 2513 540 2607 ὁρμᾷ
556 2508 678 2598 βοηθεῖν
695 2514 715 2584 ἡ
738 2509 867 2604 καρδία.
883 2492 968 2577 Ᾰλλά
984 2511 1035 2576 τὸν
1053 2512 1145 2598 νόμον
1161 2508 1233 2576 οἶδα
1251 2513 1304 2576 καὶ
1321 2512 1412 2577 ἀνελ-

316 2626 379 2691 θεῖν
394 2620 525 2691 δέδοικα
539 2639 568 2681 ν·
591 2626 617 2689 εἰ
633 2628 732 2689 ταῦτα
749 2622 845 2715 λέγων
862 2624 915 2688 καὶ
934 2623 1124 2714 προςετίθονν
1141 2624 1192 2686 καί
1212 2624 1268 2698 τάς
1287 2626 1330 2699 είς
1347 2624 1414 2688 θεὸν

315 2732 444 2814 ἐλπίδας
461 2735 507 2801 ὅτι
523 2737 655 2820 νικήσω,
669 2736 721 2800 καὶ
739 2733 911 2822 συμῦουληυ
929 2733 1064 2816 ἐζήτουν,
1080 2735 1111 2797 τί
1123 2733 1160 2797 ἀν
1174 2733 1273 2825 έλεγες
1288 2733 1344 2815 σύ;
1359 2736 1411 2800 καί

315 2850 347 2913 τί
358 2845 568 2923 συνεθούλιυες
576 2867 586 2926 ;
596 2846 647 2912 τὸν
658 2845 770 2912 σκοπὸν
783 2844 903 2937 ἀφιέναι
916 2846 969 2910 καῖ
984 2845 1025 2931 μὴ
1039 2843 1153 2935 ὁρμᾷν,
1163 2845 1204 2931 μὴ
1213 2844 1410 2937 ἀνέρχεσθαι,

315 2958 360 3046 μὴ
374 2955 499 3043 βοηθεῖν
516 2960 640 3041 ἀνωθεν,
661 2958 702 3045 μὴ
716 2966 816 3041 νικᾷν,
837 2959 862 3021 εἰ
879 2958 931 3022 καί
950 2952 1077 3021 δυνατόν
1094 2954 1189 3038 ἐστιν,
1209 2955 1254 3021 ὅτι
1276 2958 1365 3043 νόμος
1379 2959 1413 3022 τὸ

314 3068 465 3158 κώλυμα;
478 3068 499 3140 ἢ
513 3070 566 3135 καί
587 3066 794 3158 ἀνέρχεσθαι,
807 3067 859 3131 καί
877 3068 918 3131 τά
938 3061 1074 3131 θυνατά“
1089 3068 1304 3158 συναίρεσθαι,
1320 3063 1415 3154 μηθὲν

316 3175 480 3245 δείσαντα.
498 3159 572 3271 Ε’γὼ
593 3177 648 3267 μὲν
666 3175 753 3265 οἶμαι
772 3178 812 3252 ὡς
831 3178 883 3242 καί
902 3178 954 3242 τὸν
968 3178 1058 3265 νόμον
1077 3177 1114 3242 ἀν
1131 3173 1239 3268 ἐξηγοῦ
1254 3178 1343 3262 τότε,
1360 3181 1411 3242 καῖ

314 3292 369 3363 τὴν
382 3296 439 3357 τοῦ
457 3290 620 3379 νομοθέτου
637 3285 778 3355 θιοίνοιαν
801 3284 1020 3371 ε’ξεκοίλνπτες,
1038 3289 1091 3354 καῖ
1110 3287 1169 3353 ὅσοι
1185 3293 1235 3352 νῦν
1254 3287 1315 3379 ἐγὼ
1338 3284 1412 3354 θια-

313 3406 470 3491 τείνομαι,
490 3400 576 3495 ταῦτ’
594 3401 695 3494 ἔλεγες
718 3399 755 3465 σῦ
777 3401 864 3484 τότε,
884 3401 936 3465 καί
963 3401 1154 3492 παρώτρυνες
1172 3399 1248 3489 πρὸς
1270 3398 1332 3463 ὅτι
1352 3395 1412 3463 θυ-

313 3516 427 3602 ναίμην
443 3514 487 3579 ἀν
500 3510 636 3599 βοηθεῖν.

363 3625 413 3696 Μὴ
429 3629 516 3716 γοῦν,
531 3621 616 3690 ταῦτ’
631 3626 710 3713 ἔχων
726 3621 823 3714 λέγειν
840 3622 907 3686 τότε
925 3622 978 3686 καῖ
996 3618 1204 3713 παροτρύνειυ,
1224 3614 1256 3694 ἐξ
1273 3619 1411 3710 ἀνάγκης

315 3734 475 3824 φιλόπολις
493 3735 534 3802 ὢν
548 3737 601 3801 καί
619 3734 674 3805 τὴν
689 3733 842 3824 σωτηρίαν
860 3730 952 3797 θέλων
966 3739 1019 3807 τῆς
1032 3730 1164 3815 πόλεως,
1179 3735 1232 3796 νῦν
1247 3731 1411 3822 ἀντιστρό-

316 3869 383 3938 φως
404 3848 480 3912 τίθει
497 3844 568 3922 τοῦς
584 3845 693 3936 λόγους
709 3844 762 3909 καῖ
780 3843 832 3908 τὸν
845 3841 1001 3933 εὐεργέτην
1016 3843 1193 3934 κατάκρινε.

350 4115 358 4143 ⁴
372 4114 435 4168 cum
449 4118 546 4174 ῖκαεεες
555 4114 650 4182 plurale
661 4114 761 4166 verbum
772 4115 850 4174 ῖξικῖ-
911 4111 1068 4162 ’ίίοθεπεῖα

315 4213 388 4259 χνντε
397 4192 432 4243 nil
442 4192 519 4245 habet
528 4192 595 4258 quod
604 4192 693 4244 morari
707 4203 794 4259 queat,
805 4191 849 4242 sed
910 4189 966 4239 ‘De
980 4192 1071 4255 ἀριϊκῖς
1080 4187 1112 4237 ad
1125 4186 1191 4237 θεολ.
1205 4186 1260 4238 ΧΙΙ.

316 4278 480 4342 κατάφρακτοι
497 4271 698 4339 exspectabatur,
717 4282 742 4322 et
764 4278 849 4322 κινοῦν·
912 4268 1028 4318 ¹‘schol-2
1041 4271 1153 4317 πλαετόν,

315 4370 365 4409 τες,
379 4363 431 4402 ele.
911 4346 921 4372 ⁰
933 4353 970 4397 Τῖι
982 4344 1081 4408 δυνατά]
1090 4345 1126 4394 εἰσ
1135 4359 1160 4409 ρ.
1174 4343 1230 4402 106,
1242 4344 1310 4395 θιτά
1320 4344 1412 4395 δυνατεῖ

349 4428 432 4481 ’vido
441 4446 468 4495 ρ.
486 4432 565 4490 lm.
578 4432 603 4480 3.
879 4424 1033 4486 οἰκτίζεσθαι.
1050 4423 1110 4473 vide
1124 4439 1151 4488 p.
1165 4423 1210 4483 59,
1225 4439 1250 4472 n.
1264 4425 1288 4472 8.
