3684 5659
819 620 976 682 Manere
1002 609 1047 682 et
1411 623 1481 693 trs

380 756 500 844 μᾶλλον
516 757 616 848 πατὴρ
634 759 757 849 ἀχρεῖος
776 762 829 840 ών,
849 757 867 828 ἢ
885 761 982 847 μήτηρ
999 766 1057 823 τών
1078 758 1274 849 φαυλοτάτων
1291 753 1388 845 οὖσα,
1408 766 1481 855 πρὸς

380 868 436 938 τήν
450 862 533 932 ἰδίαν
547 864 679 958 ἐπαίρειι
696 867 730 931 τὸ
746 866 846 930 τέκνον
859 869 1023 938 ποιότητα·
1044 868 1143 943 ἄλλως
1159 893 1191 933 τε
1209 871 1260 933 καί
1278 878 1337 935 τῶν
1351 871 1481 963 ἀρρένων

381 982 432 1054 ὄν,
456 976 542 1063 φύσει
566 985 626 1041 τῶν
648 975 788 1050 τοιούτως
810 974 957 1063 ἐχόντων,
985 986 1027 1063 τῷ
1050 980 1140 1070 πατρὶ
1166 983 1378 1070 προςκεῖσθαι,
1404 982 1480 1072 ήτῇ

382 1090 472 1178 μητρί
495 1089 667 1152 πείθεσθαι.

430 1201 491 1263 Καὶ
521 1204 620 1263 ταῦτα
650 1196 703 1285 μὲν
731 1204 809 1262 εἴποι
838 1201 1005 1289 συγκρίνων
1034 1195 1084 1285 ἐμὲ
1109 1199 1182 1290 πρὸς
1207 1202 1257 1265 τὸν
1284 1199 1314 1277 ἐξ
1337 1201 1476 1294 ἑταίρας,

381 1311 523 1375 κάκείνου
542 1305 684 1373 δεικνύων
709 1311 845 1399 χείρονα.
872 1290 962 1394 Ῠμεῖς
987 1305 1038 1392 δέ,
1058 1310 1094 1373 ἂν
1111 1315 1209 1374 ταῦτα
1227 1311 1315 1402 λέγῃ,
1336 1315 1377 1399 μή
1397 1318 1478 1379 ἀπο-

382 1415 534 1508 δέχησθε,
555 1416 651 1506 μηδέ,
670 1420 743 1510 πρὸς
761 1413 805 1494 οἷς
822 1418 856 1483 ἐκ
871 1427 925 1494 τῆς
948 1422 1131 1510 κατηγορίας
1148 1421 1200 1490 την
1218 1420 1290 1508 ἐμήν
1306 1428 1478 1516 προαίρεσιν

382 1524 503 1613 ἀδικεῖ,
536 1532 588 1594 καὶ
619 1528 689 1617 ύμῖν
716 1529 750 1593 ἐκ
779 1537 831 1608 τῆς
862 1527 1075 1620 ἐπιχειρήσεως
1102 1537 1478 1622 προςκατασκευαζόμενον

382 1637 496 1718 ὄνειδος
518 1637 750 1728 καταδέχησθε·
777 1640 817 1713 ὡς
841 1651 1022 1730 συκοφαντεῖ
1046 1640 1099 1728 μὲν
1121 1640 1190 1727 ἐμέ,
1216 1644 1322 1728 ἀπατᾷ
1346 1637 1375 1710 δ’
1398 1644 1478 1734 ὑμᾶς

381 1751 489 1843 λέγων,
511 1754 564 1817 καὶ
582 1760 635 1826 τῆς
651 1752 840 1840 κακουργίας
858 1748 962 1837 ὑμεῖς,
985 1750 1099 1827 εὐήθεις
1121 1758 1218 1836 ὅντες,
1238 1750 1325 1821 οὐδὲν
1343 1752 1480 1821 ἐπαΐετεζ

381 1866 417 1927 Εἰ
435 1861 489 1950 μὲν
506 1864 567 1954 γὰρ
585 1862 707 1952 ἀγωγαὶ
727 1860 801 1935 τέως
818 1868 875 1925 τών
895 1858 1063 1943 βουλευτῶν
1083 1862 1259 1948 ἐζητούντο,
1278 1867 1329 1928 καὶ
1350 1863 1477 1932 παιδεύ-

381 1996 461 2056 σεις,
482 1975 535 2039 καὶ
555 1973 681 2063 γνώσεις
702 1971 748 2036 ἐπὶ
774 1979 832 2034 τῶν
854 1970 1013 2056 τοιούτοιν,
1040 1975 1160 2056 καθώς,
1186 1969 1290 2059 οἶμαι,
1315 1980 1473 2043 τοῦτοκαὶ

380 2085 468 2171 μόνον
490 2088 624 2159 ζητεῖται
643 2081 689 2146 ἐπὶ
713 2090 771 2146 τῶν
788 2078 881 2169 μηδὲν
902 2082 1114 2174 ἐπιφερομένων
1138 2087 1179 2158 εἰς
1202 2084 1329 2172 κώλυμα
1350 2088 1475 2177 πρόςτι-

381 2219 452 2280 μον,
480 2189 547 2259 οὐδ’
568 2190 649 2282 εἶχεν
671 2193 707 2256 ἂν
732 2189 825 2267 ούτως
848 2192 918 2259 ὅσον
940 2192 985 2256 ἐπὶ
1008 2203 1044 2282 τῇ
1066 2195 1175 2284 γνώσει
1199 2191 1349 2261 δεικνύναι
1370 2199 1421 2262 τὸν
1442 2199 1474 2264 ἐκ

379 2306 487 2394 πόρνου
504 2305 648 2394 χείρονα,
668 2302 726 2366 κᾶν
743 2302 909 2374 ήλαττοῡτο
928 2308 971 2390 τῇ
982 2304 1085 2392 γνώμῃ
1103 2305 1185 2367 κατὰ
1199 2304 1251 2373 τήν
1268 2304 1374 2369 τούτου
1392 2331 1473 2392 μαν-

379 2417 473 2499 τείαν,
496 2417 592 2505 ἄρρην
610 2417 663 2496 ών,
684 2413 725 2488 ὡς
741 2412 840 2503 λέγει,
861 2415 973 2499 καὶτῷ
991 2415 1133 2503 χειρίστῳ
1149 2417 1371 2504 προςκείμενος.
1392 2417 1473 2508 Ανήρ

379 2528 438 2617 γὰρ
456 2526 473 2590 ὁ
495 2526 594 2616 πατήρ
616 2529 673 2607 ών,
698 2524 755 2588 κᾶν
777 2524 830 2593 τήν
852 2524 973 2613 γνώμην
993 2524 1144 2612 χείριστος
1164 2518 1213 2603 ἦν,
1231 2533 1284 2598 της
1304 2527 1416 2617 μητρὸς
1436 2529 1473 2592 ἂν

380 2635 580 2718 ἐπλεονέκτει,
598 2634 659 2700 ὅσα
677 2635 716 2698 τὰ
734 2633 763 2710 ἐς
781 2643 891 2724 γνῶσιν
909 2636 960 2698 καί
980 2632 1133 2723 ἐμπειρίαν
1148 2633 1319 2703 πολιτικήν·
1340 2638 1391 2699 καί
1411 2632 1471 2701 ἔδει

411 2869 503 2929 Ὠσᾶ,
524 2871 611 2936 ἐπάρη.
630 2869 721 2932 Scripsi
742 2868 849 2935 ἐπαίρει,
865 2882 911 2916 ac·
936 2869 1054 2934 Δελρίνης.
1066 2864 1160 2914 addam
1174 2876 1199 2914 et
1209 2865 1256 2914 alia
1270 2866 1364 2922 dener.
1378 2867 1472 2918 Pisides

376 2959 449 2999 centu
465 2949 563 2999 duetus.
584 2947 696 2996 Fortasse
714 2956 793 2996 tamen
818 2948 908 3013 ἐπαρεῖ.
938 2944 973 2993 De
996 2945 1091 2994 vanit.:
1107 2944 1155 3006 [καί
1176 2946 1250 3008 μηδὲν
1271 2944 1331 2995 εἶναι
1352 2952 1472 3015 σωφρόνως

378 3027 526 3076 Permutatio
543 3026 661 3075 vocalium
683 3046 696 3081 η
715 3045 736 3074 ει
752 3024 778 3072 id
794 3025 908 3073 mendum
938 3022 1091 3087 πεπηγμένος]
1111 3019 1163 3072 'Avo
1184 3025 1277 3089 βαδίζει
1298 3035 1331 3091 τῷ
1350 3029 1471 3090 βεὸηκίναι

377 3107 486 3171 peperit,
501 3121 556 3170 quae
565 3115 590 3154 et
604 3104 651 3152 alia
662 3112 787 3153 sexcenta.
803 3103 908 3167 Symeon
936 3107 1010 3160 κοὶτω,
1021 3105 1102 3165 Φιύγει
1113 3121 1139 3150 τι
1148 3111 1220 3166 τιμὴν
1228 3111 1271 3158 τήν
1280 3107 1350 3159 καλὴν
1361 3104 1471 3166 ἀτιμίαν,

377 3184 443 3233 Sethr
458 3182 554 3234 lehnel.
569 3199 595 3246 p.
610 3182 661 3231 90:
678 3184 698 3231 εἰ
718 3186 870 3243 ξεναγωγήτει
884 3201 909 3230 σε
936 3184 1022 3240 Πολλήν
1039 3200 1064 3229 τε
1079 3181 1149 3241 δόξαν
1168 3189 1216 3236 τὴν
1229 3182 1326 3240 ἀδοξίαν
1344 3182 1403 3245 ἔχει.
1419 3181 1472 3230 De-

377 3282 425 3322 τις,
437 3270 481 3320 τὴν
495 3267 595 3312 σεαυτοῦ
607 3269 641 3326 μὴ
657 3265 770 3329 πρότερον
785 3263 909 3327 πιστεύσῃς
937 3258 1002 3306 tendi
1016 3258 1114 3318 uncini,
1131 3269 1156 3307 et
1169 3257 1324 3308 scribendum
1338 3268 1471 3324 πεπεισμέ-

376 3347 492 3408 σωτηρίιιν
502 3343 580 3407 πρὶνή
590 3342 674 3389 τούτου
683 3340 785 3388 διάθεσιν
798 3339 907 3404 διαγνῷς.
924 3333 972 3392 ’νος
985 3352 999 3384 e
1010 3338 1096 3385 codice
1106 3335 1188 3401 (quam
1200 3337 1330 3385 lectionem
1344 3348 1470 3401 receptam

375 3415 486 3467 Narratio
511 3417 634 3481 postulare
656 3415 761 3474 videtur,
787 3432 841 3481 quae
864 3416 909 3466 fuit
937 3429 1001 3462 nune
1023 3414 1093 3462 video
1112 3414 1136 3461 in
1159 3413 1267 3462 editione
1285 3415 1408 3471 Romana,
1426 3417 1469 3464 sed

374 3494 463 3546 starkii
479 3495 616 3554 sententia,
629 3497 650 3544 εἷ
665 3499 831 3557 ξεναγωγήσεις
843 3502 906 3545 τινα.
937 3491 1028 3555 tacite),
1038 3502 1061 3540 et
1072 3507 1115 3556 pro
1126 3496 1214 3559 φεύγει,
1225 3491 1291 3557 quod
1303 3501 1371 3541 caret
1381 3507 1468 3548 sensu,

375 3574 905 3639 Ιῖοηιοεεολεςοοιλιιτηιίξιναγωγηθρσοιτις·
936 3571 1014 3619 codex
1035 3580 1103 3619 recte
1126 3568 1225 3618 exhibet
1245 3577 1323 3638 φέρει,
1346 3571 1411 3635 quod
1429 3570 1469 3619 hic
1543 3571 1550 3582 ⁸

372 3654 438 3718 quod
451 3669 527 3717 quum
542 3638 680 3718 proponere
696 3653 784 3701 vellem
798 3653 830 3701 ad
841 3651 907 3701 Cho·
935 3649 1000 3697 valet
1014 3649 1077 3697 idem
1096 3647 1171 3697 verbo
1186 3650 1297 3712 proximo
1310 3649 1369 3712 ἔχει.
1388 3648 1469 3699 Theo-

372 3730 473 3791 rieium‚
484 3747 511 3796 p.
529 3733 576 3788 69,
593 3731 642 3796 typi
663 3731 700 3779 vel
719 3732 825 3781 calamus
842 3730 908 3780 aliud
935 3727 1009 3776 dorus
1024 3727 1108 3776 Prodr.
1128 3727 1208 3782 Rhod.
1228 3731 1257 3786 6,
1270 3744 1296 3791 p.
1313 3730 1360 3776 23⁷
1372 3748 1378 3776 :
1389 3724 1469 3796 Ἇωρος

372 3809 545 3860 exhibuerunt.
563 3810 711 3859 scholiastes
729 3809 869 3859 Nazianzeni
882 3809 905 3857 in
935 3807 1005 3873 ήρκτο
1022 3814 1062 3857 καὶ
1083 3814 1128 3873 πρὸ
1147 3817 1188 3863 τής
1207 3810 1348 3874 εἱμαρμένης
1365 3810 1406 3863 Εἰς
1426 3816 1468 3863 τήν

373 3887 490 3952 catalogo
505 3887 595 3936 Clarkii
611 3887 793 3948 Gaissordinw,
809 3905 836 3951 p.
854 3887 904 3936 45:
934 3889 1052 3944 ἄπληστον
1067 3897 1108 3943 τῆς
1128 3892 1243 3944 θαλάσσης
1262 3894 1380 3953 γαστέρα,
1395 3891 1469 3943 Τὸξου

374 3969 440 4033 δῆρις
450 3966 476 4014 οἵ
488 3968 533 4015 εἰσι
546 3973 586 4015 καὶ
601 3970 740 4033 θηρομηγεῖς
755 3967 818 4026 (imo
833 3971 906 4033 θηρο-
933 3969 985 4030 μετ’
999 3966 1071 4015 αὑτοῦ
1081 3973 1121 4014 καὶ
1133 3971 1171 4014 σὺν
1188 3966 1252 4031 αὐτῷ
1269 3976 1302 4030 τῷ
1321 3968 1398 4033 βέλει,
1413 3971 1467 4017 Μη-

371 4043 458 4106 μιγιῖς)
469 4047 492 4094 οἱ
508 4046 533 4094 ἐκ
549 4051 589 4094 τοῦ
601 4049 709 4113 Δελφίνου
726 4046 848 4110 δράκοντος
861 4044 904 4094 ὑπὸ
934 4048 954 4094 δ’
971 4045 1030 4094 αὐτὸ
1047 4053 1114 4095 κανον
1130 4048 1195 4108 γνούς
1211 4064 1247 4099 τις
1264 4043 1333 4092 αὐτὸν
1353 4045 1466 4107 ἁρπάοοι,

371 4122 470 4186 Κάδμου
487 4128 620 4190 ’σπαρέντες
644 4124 743 4179 ὀδόντες.
769 4121 905 4185 Respicitur
933 4124 998 4186 Lego
1011 4122 1222 4191 εἷρκτο....καινὸν
1238 4125 1303 4184 γνοὺς
1321 4125 1399 4175 τίς....
1418 4119 1464 4167 Su-

371 4198 482 4264 Gregorii
495 4200 637 4250 carmen-ad
649 4201 800 4260 Nemesium,
814 4217 838 4265 p.
860 4201 905 4248 149
933 4202 1014 4265 pertus
1028 4199 1111 4246 ocutos
1125 4197 1231 4246 advertit
1242 4196 1372 4253 mendum,
1385 4196 1465 4245 eorti-

371 4276 390 4325 B
401 4296 407 4326 ι
419 4283 514 4347 Θήρας,
530 4283 662 4348 θηρομιγεῖς
675 4300 744 4329 τε...
755 4279 846 4328 Nomen
856 4295 905 4328 ser·
933 4277 1038 4342 gendum
1052 4275 1146 4324 obiter:
1158 4274 1200 4324 Ἦν
1210 4270 1247 4323 οὖν
1260 4275 1317 4323 ἰδεῖν
1332 4280 1407 4339 θέαμα
1419 4275 1467 4324 δα·

371 4357 452 4420 pentis
461 4357 528 4408 idem
542 4357 617 4408 fertur
628 4359 652 4406 in
666 4358 760 4407 scholio
774 4359 805 4406 ad
817 4357 902 4422 Eurip.
932 4360 1005 4425 κρύων
1021 4361 1101 4418 γε’μον,
1118 4360 1166 4402 Καὶ
1182 4360 1267 4417 μεστὸν
1280 4353 1356 4404 οἶκτον
1373 4375 1467 4427 συμπα-

371 4433 455 4485 rhoen.
463 4437 510 4485 25?
521 4455 528 4484 ι
541 4435 566 4493 ήν
577 4438 636 4489 δὲτὸ
647 4437 719 4501 ὄνομα
729 4443 769 4486 τοῦ
780 4437 903 4504 δράκοντος
934 4437 1001 4500 δούσῃ
1014 4435 1108 4500 καρδίᾳ·
1119 4432 1170 4481 lano
1185 4435 1273 4482 οἴκτου.

1285 4513 1324 4569 23
