3684 5659
814 614 970 678 κΕλΕτιι
994 604 1038 676 ι’.
1418 611 1465 681 73

373 749 443 817 ἀλλ’
458 746 668 835 ὡπλισμένους
692 746 819 831 ἐσθίειν,
847 747 1051 834 ὡπλισμένους
1069 743 1243 833 καθεύδειν,
1265 747 1467 836 ὡπλισμένους

372 862 428 934 τάς
446 859 555 948 χρείας
571 861 624 920 τού
642 857 785 943 σώματος
802 854 943 920 ἐκτελεῖν.
959 834 1051 919 doru
1067 853 1161 930 ούτως
1173 858 1301 944 ἔχοντα,
1316 858 1369 920 καί
1387 853 1464 920 ούτω

372 971 518 1033 ποιοῦντα
539 966 622 1029 κατὰ
642 972 701 1029 τῶν
724 965 891 1050 πολεμίων,
918 964 1021 1040 αὐτοῖς
1041 967 1255 1055 προςκεῖσθαι,
1277 966 1329 1029 καὶ
1348 961 1467 1030 διδόναι

371 1079 411 1142 τά
426 1085 482 1152 τῆς
497 1075 613 1150 πόλεως
625 1070 750 1154 δίκαια;
765 1052 839 1139 ἑστι
853 1077 959 1151 νυκτὸς
971 1075 1023 1162 μὲν
1035 1075 1104 1141 κατ’
1121 1075 1219 1140 αὐτῶν
1231 1073 1461 1163 βουλευόμενον,

372 1186 489 1278 ἡμέρας
513 1182 547 1250 δὲ
570 1184 641 1250 κατ’
665 1184 764 1250 αύτῶν
789 1185 945 1276 ὁρμῶντα,
972 1188 1024 1250 καὶ
1048 1185 1117 1260 τούς
1135 1186 1245 1261 ἀλλους
1267 1187 1468 1279 παραθαρρύ-

372 1320 482 1380 νοντα,
507 1293 648 1366 τοιαύτην
671 1295 824 1383 ἔχειντὴν
846 1292 918 1385 ὑπὲρ
941 1291 1239 1374 ἐκείνωνόιάνοιανς
1261 1293 1361 1371 Δεῖξον
1379 1296 1469 1360 ἀλλον

374 1407 472 1496 χωρίς
487 1406 594 1480 νυκτὸς
610 1407 661 1471 καί
680 1405 795 1496 ἡμέρας
806 1407 929 1496 καιρόν,
950 1407 1001 1469 καὶ
1019 1405 1114 1492 τούτῳ
1131 1407 1205 1469 τίθει
1223 1430 1259 1492 με
1277 1401 1399 1480 όύςνουν
1415 1408 1468 1470 καί

373 1523 479 1591 κακῶς
495 1524 533 1605 τῇ
549 1515 633 1581 πόλει
652 1511 876 1602 διανοούμενον.
901 1518 938 1579 Ei
961 1511 990 1579 δ’
1008 1514 1063 1581 ούκ
1080 1519 1178 1603 ἔχεις,
1196 1521 1274 1581 παῦε
1290 1525 1343 1592 τῆς
1359 1517 1471 1604 τόλμης

376 1627 429 1690 καί
449 1625 492 1712 μή
511 1626 687 1716 κατάκρινε.

424 1737 569 1810 Διανσίας
594 1737 743 1811 κακίστης
772 1734 852 1826 ἐγώ,
885 1737 1053 1821 κακίστης,
1080 1731 1104 1800 ὦ
1131 1741 1184 1800 Ζεύ
1212 1717 1388 1828 Ε’λευθίριε,
1418 1737 1469 1801 καί

377 1845 501 1936 γνώμης
523 1841 697 1930 όυςνοῖκῆς,
724 1845 740 1909 ό
763 1842 840 1933 μηδὲ
863 1845 972 1936 μέχρις
993 1848 1087 1922 ἀκσῆς
1109 1848 1288 1934 ἀνεχόμενος
1309 1841 1471 1937 ἀνόραχα-

378 1957 490 2019 θούντα
500 1945 661 2041 πολέμιονί
681 1954 697 2019 ὁ
714 1963 807 2047 τροφῇ
825 1955 866 2042 μὴ
885 1955 1033 2043 θελχθείς,
1051 1952 1160 2043 ὁύπνῳ
1173 1957 1214 2043 μὴ
1227 1952 1326 2039 εἴξας,
1344 1955 1358 2018 ὁ
1374 1952 1473 2018 ἀνέσει

378 2065 420 2150 μὴ
447 2060 549 2147 dudd,
576 2064 591 2128 ὁ
613 2061 691 2151 μηδὲ
712 2073 776 2140 πῶς
800 2069 906 2153 ἔχουσι
928 2067 967 2129 τά
995 2065 1063 2131 κατ’
1091 2063 1171 2131 οἷκον
1196 2065 1242 2131 ἐπ’
1263 2063 1369 2142 ἀδείας
1395 2069 1473 2153 ἔχων

378 2176 499 2260 μαθεῖν,
519 2173 587 2238 ἀλλ’
603 2175 649 2238 ἀεί
663 2176 703 2239 τά
715 2176 796 2241 κατά
809 2175 861 2244 τὴν
876 2174 961 2239 πόλιν
978 2176 1109 2268 στρέρων
1126 2176 1155 2240 ἐν
1168 2185 1227 2262 νῷ,
1241 2178 1287 2241 ἀεὶ
1306 2173 1470 2260 βουλεύων,

379 2285 425 2348 ἀεὶ
449 2275 644 2372 μαχόμενοςί
672 2283 717 2349 Oi)
739 2280 844 2377 τρέμω,
865 2285 1026 2377 παρόντες,
1055 2287 1088 2350 τὸ
1115 2285 1269 2375 ἔγκλημα·
1296 2284 1473 2349 ἀνύποιστον

382 2397 518 2485 ἡγοῦμαι
535 2394 585 2459 τὸν
602 2393 704 2484 λόχον.

443 2487 451 2509 r

428 2506 553 2595 Οχάρ,
576 2505 628 2569 καὶ
652 2499 729 2568 ούτω
752 2502 805 2568 σύν
828 2507 907 2579 θεοῖς
931 2511 1063 2595 σωτῆρσι
1084 2503 1185 2578 καλῶς
1206 2510 1263 2566 τῶν
1287 2504 1473 2592 πραγμάτων

381 2613 580 2691 ἀποδόντων,
606 2623 783 2706 κατηγορεῖν
806 2613 852 2679 ἐπὶ
880 2613 1027 2688 τοιούτοις
1051 2615 1092 2701 μὴ
1117 2613 1343 2700 ἀποσχόμενος,
1367 2614 1413 2687 τίς
1436 2613 1473 2677 ἀν

382 2721 497 2812 ε’χένετο
518 2722 604 2806 τότε,
634 2729 663 2787 εί
683 2748 719 2814 χε
742 2720 906 2799 πολλάκις’
930 2720 1065 2799 ἀντίξουν
1086 2717 1274 2802 ε’πήντησενλ,
1300 2715 1352 2787 οἷα
1375 2717 1413 2793 oo
1433 2723 1473 2786 τά

378 2945 407 2994 ρ.
426 2929 486 2978 208.
498 2927 585 2978 Cicero
598 2927 670 2977 Tuoo.
690 2929 713 2988 l,
727 2928 758 2977 d:
775 2947 788 2973 ιι
805 2929 830 2979 in
842 2943 914 2994 quam
942 2930 1051 3000 ἀναιδείᾳ
1063 2934 1221 2997 χρησάμενος,
1234 2932 1285 2985 ἧκεν
1296 2931 1329 2986 εἰς
1338 2937 1365 2980 τὸ
1377 2933 1474 2996 θέατρον

379 3006 581 3057 exercitationem
599 3007 633 3056 ila
653 3021 699 3056 noo
716 3007 824 3057 studiose
842 3007 915 3058 dedi·
941 3016 987 3056 τῶν
996 3004 1114 3063 Ἀθηναίων
1124 3012 1163 3068 ξύν
1173 3007 1247 3057 σύδενῖ
1256 3012 1334 3073 κόσμῳ
1344 3011 1475 3074 προκαλού-

378 3100 434 3135 mue
445 3102 469 3134 ¹.
481 3082 517 3133 lbi
528 3083 635 3134 Kuhner.
943 3105 1010 3149 μενος
1018 3089 1051 3142 εἰς
1062 3087 1174 3143 ἐπίδειξιν
1183 3087 1244 3142 ὅςτις
1254 3087 1337 3152 ἐρίζειν
1347 3092 1387 3134 καὶ
1399 3087 1475 3135 διαλί-

413 3160 472 3210 ¹De
487 3163 562 3212 ἀνίσει
580 3163 633 3219 δούς
652 3161 708 3211 vide
722 3172 803 3212 nolam
817 3177 915 3228 prlece-
943 3168 1024 3226 χεσθοιι
1037 3164 1077 3214 οὐκ
1087 3165 1165 3231 ἄϊδρις
1177 3165 1223 3219 ιίη·
1239 3169 1253 3220 ἡ
1268 3165 1293 3212 δὲ
1305 3171 1412 3231 φήμη...
1426 3163 1476 3212 Ali·

380 3239 490 3290 dentem·
944 3250 981 3289 ter
1004 3241 1082 3290 codex
1103 3248 1234 3308 τ....κόσμῳ
1256 3248 1336 3291 πάντα
1355 3247 1409 3292 τινὰ
1427 3241 1474 3307 ὅτῳ

413 3316 549 3374 ’Πολλάκις
561 3315 616 3378 hio,
629 3326 687 3382 post
700 3319 725 3366 ιί
733 3337 773 3380 γε,
785 3332 831 3382 pro
844 3322 914 3382 τυχόν
943 3320 1034 3382 ἐντύχοι
1048 3339 1117 3387 προκ.
1132 3340 1151 3369 ι.
1164 3321 1226 3369 ἑπίδ.
1242 3323 1324 3382 λόγων,
1342 3327 1381 3368 καί
1396 3325 1475 3369 ταῦτα

380 3397 550 3461 errepoiitum
560 3394 663 3445 videtur.
678 3395 747 3446 Plato
757 3395 853 3445 Phaedr.
869 3399 912 3445 14:
942 3399 1014 3461 μηδὲν
1033 3399 1094 3460 ύχιὲς
1115 3399 1183 3461 ἔχων·
1199 3405 1241 3453 τήν
1258 3416 1283 3445 τε
1301 3404 1347 3464 γὰρ
1366 3400 1475 3459 χλῶττοιν

381 3476 422 3524 ἰὰν
434 3474 484 3541 ἄρα
495 3476 605 3528 πολλάκις
616 3477 778 3541 νυμφόληπτος
795 3477 915 3541 πρσίοντσς
942 3479 1115 3544 μιξοὸἀρὸαρος
1134 3477 1244 3541 ἐναργής,
1260 3479 1302 3523 τοῦ
1323 3492 1349 3522 τε
1366 3481 1475 3535 πώγωνος

382 3555 502 3616 τοῦλόγου
511 3557 625 3615 χίνωμοιι.
640 3549 676 3600 lbi
690 3550 743 3601 Ast.
942 3562 982 3603 καὶ
999 3561 1041 3606 τοῦ
1057 3558 1182 3623 τρίίωνος,
1201 3558 1240 3601 καὶ
1257 3554 1346 3601 τούτων
1360 3552 1380 3599 δ’
1392 3553 1426 3607 εἰς
1442 3557 1474 3601 τὰ

415 3629 477 3679 ’5ίο
485 3629 573 3689 θθᾶθῐ.
584 3629 761 3685 &dimoto-De
771 3629 914 3694 reponendo
941 3637 1062 3698 μάλιστα,
1072 3633 1271 3696 καταψευδόμενος
1286 3637 1403 3698 φαίνεται·
1416 3634 1431 3686 ἡ
1450 3630 1475 3679 ol

382 3710 512 3764 ἀπήντησα
526 3706 566 3754 vix
583 3715 620 3755 est
633 3705 801 3757 dubitandum.
819 3707 916 3772 Praepo·
942 3732 968 3775 γε
987 3720 1095 3780 φήμη...
1112 3710 1162 3759 Nee
1177 3709 1248 3759 facile
1266 3709 1346 3757 miuus
1360 3724 1415 3758 cum
1429 3707 1474 3758 ὑπό

380 3784 483 3836 sitiones
493 3786 542 3845 ἐπί,
555 3785 601 3834 ἀπό
611 3782 727 3834 facillime
736 3795 913 3851 permutantur.
942 3799 1093 3853 permutatur
1105 3791 1152 3839 lui.
1166 3787 1328 3846 Heliodorus,
1344 3791 1367 3847 1,
1386 3788 1420 3836 2:
1433 3797 1475 3844 τῆς

381 3862 534 3927 Nicephoruo
541 3861 837 3929 Gregorasl'lorentio‚p.
850 3864 912 3912 513:
942 3872 1058 3932 κόμης...
1074 3878 1122 3924 τοῖς
1137 3874 1217 3924 νώτοις
1229 3870 1336 3916 πλεῖστον
1349 3865 1400 3916 ὅσον
1418 3867 1474 3915 ἔπι-

383 3945 421 3989 κιιί
446 3945 483 3990 σοί
514 3942 567 3990 κατ’
589 3943 720 4005 ἐπιστήμην
749 3945 914 4009 ἀπαιτουμίνῳ
942 3949 1077 4013 τρεχούτης.
1092 3945 1134 3995 Sic
1152 3962 1197 4009 pro
1211 3945 1382 4013 ὑποτρεχούσης
1399 3941 1476 3991 edidit

382 4027 456 4068 ποιεῖν
467 4025 510 4074 τὴν
524 4019 647 4080 ἐπίδειξιν,
660 4019 701 4069 οὒκ
711 4022 739 4069 ἃν
754 4021 790 4076 εἴη
801 4039 837 4069 τοι
851 4027 915 4088 χρή·
942 4024 1050 4086 Gorayus
1064 4039 1078 4071 e
1095 4022 1249 4086 conjectura,
1264 4037 1336 4084 quam
1348 4018 1476 4067 confirmat

383 4116 449 4160 οιμος
477 4100 490 4146 ὁ
517 4103 623 4154 τοιοῦτος
645 4101 803 4162 συλλογισμός.
830 4098 914 4147 Codex
942 4101 1021 4149 codex
1049 4099 1165 4148 Venetus.
1198 4097 1327 4161 Gregorius
1362 4094 1420 4142 Naz.
1448 4095 1474 4145 in

383 4173 458 4224 Parii.
473 4174 604 4234 ἀπόδειξιν,
626 4174 723 4226 melius.
738 4174 855 4224 ldoueuru
874 4174 916 4225 lo-
942 4175 1070 4240 Georgidae
1088 4175 1263 4237 Guoinologio,
1279 4190 1304 4239 p.
1323 4175 1356 4222 δι
1370 4176 1395 4221 αἱ
1409 4175 1474 4224 ἐντο-

383 4267 439 4301 eum
461 4253 573 4310 ἐπίδειξις
595 4262 670 4302 tenet.
681 4253 706 4302 iu
730 4252 778 4302 elia
802 4251 915 4317 Gregorae
943 4257 982 4302 λαὶ
993 4260 1035 4304 τοῦ
1049 4258 1101 4304 θεοῦ
1111 4253 1137 4303 ού
1146 4261 1203 4321 πρὸς
1216 4252 1272 4302 ἄλλο
1282 4273 1305 4303 τι
1320 4255 1474 4319 plinium

383 4327 613 4390 sententia,'obiler
632 4329 790 4394 corrigenda,
803 4346 830 4395 p.
848 4332 913 4380 508:
943 4339 1000 4400 πρὸς
1013 4338 1041 4381 τὸ
1054 4335 1155 4388 σωθῆναι
1170 4338 1209 4381 τὸν
1221 4331 1374 4381 ἐπακούοντα.
1389 4331 1476 4382 Codex

383 4409 512 4479 Ξενοφάνης
525 4413 537 4460 ὁ
548 4413 721 4477 Θρασυμάχου,
736 4417 865 4477 προπιτιίᾳ
876 4417 916 4460 καὶ
943 4425 1022 4475 nuper
1039 4408 1098 4460 mihi
1117 4409 1228 4474 cognitus
1247 4417 1286 4460 τὸν
1308 4410 1391 4471 iuuat..
1409 4409 1476 4475 quod

1298 4495 1337 4550 10
