3684 5659
417 654 479 749 36ο
757 661 791 720 ι’.
821 660 894 720 ror
920 657 1175 721 πιαίνουσιν

417 798 488 890 ὑπὲρ
502 805 559 862 τῶν
572 805 677 862 κοινῶν
689 793 849 885 σπουδάονγ
861 822 928 882 τις,
944 798 996 861 καί
1009 795 1175 887 γέρας’ἔχει
1187 795 1220 859 τό
1234 789 1390 881 διδόμενον
1401 799 1511 882 ὄνομα,

417 906 552 994 ἑτοίμους
565 907 638 998 πρὸς
652 908 686 970 τό
701 901 820 971 διδόναι
832 908 982 997 γίνεσθαι.

465 1018 513 1089 Μὴ
530 1023 613 1109 γοῦν,
631 1017 675 1082 ὅτι
689 1017 778 1108 γε’ρας
793 1021 873 1092 ζητῶ
887 1019 940 1082 καὶ
956 1015 1010 1082 οὐκ
1024 1017 1129 1103 ἀμισθὶ
1143 1020 1348 1107 προαιροῦμαι
1360 1015 1415 1085 τὴν
1428 1015 1514 1080 πόλιν

419 1128 592 1219 εὐεργετεῖν,
612 1131 799 1219 κατάγνωτε.
820 1109 892 1193 ἁλλ’
909 1127 1004 1193 ὅτιτὸ
1021 1125 1202 1218 ε’μὸνμέγα,
1222 1127 1274 1190 καὶ
1293 1122 1444 1212 βούλομαι
1462 1123 1515 1212 μὲν

418 1246 481 1323 νύν,
505 1238 654 1329 βούλομαι
675 1236 779 1305 δὲκαὶ
799 1239 958 1327 μετέπειτα
975 1240 1028 1310 τὴν
1047 1240 1138 1329 χάριν
1154 1236 1353 1328 κηρύττεσθαι
1374 1237 1427 1300 καί
1448 1260 1513 1304 πα-

419 1354 522 1428 λαιαῖς
545 1355 739 1444 ἀνάγραπτον
761 1354 881 1416 κεῖσθαι
906 1349 1044 1443 κύρόεσι.
1069 1351 1126 1412 Διά
1152 1353 1253 1431 τούτο,
1279 1345 1372 1411 κὰνό
1395 1371 1440 1422 τις
1461 1349 1513 1411 καί

420 1457 482 1527 οἷον
499 1460 596 1552 είπρί,
616 1465 650 1528 τὸ
669 1461 761 1554 γέρας
776 1464 873 1527 ποθῶ.
892 1464 929 1525 Τί
946 1463 1007 1552 γάρ
1026 1461 1062 1524 ἀν
1078 1461 1129 1523 καί
1149 1453 1217 1527 δοίη
1234 1481 1279 1532 τις
1297 1452 1381 1532 ἄξιον
1399 1457 1517 1546 ἀνθρώ·

418 1599 476 1639 που
494 1579 589 1659 ζωῆς,
612 1568 649 1650 ἧς
668 1570 750 1648 άπαξ
768 1568 939 1662 ἠφείδηκα;
962 1572 1019 1636 κάν
1036 1570 1052 1634 ό
1067 1595 1095 1633 τι
1111 1570 1162 1633 καί
1184 1562 1246 1632 οἷον
1264 1563 1349 1656 δώῃ,
1368 1563 1445 1656 δίχα
1461 1571 1515 1631 τοῦ

418 1683 510 1775 γέρας
528 1680 622 1768 εἶναι,
643 1680 774 1774 ἀνδράσι
795 1684 882 1771 τιμὴν
904 1685 970 1773 περὶ
994 1681 1135 1746 πλείστου
1158 1675 1269 1744 ποιεῖν’
1290 1679 1439 1764 εἰωθόσιν,
1460 1679 1515 1742 οὔ·

419 1817 523 1880 μενουν
540 1791 612 1859 οὐκθ
629 1793 908 1885 εὐκαταφρόνητον;

468 1908 503 1968 Εἰ
523 1908 597 1994 γάρ,
622 1909 666 1968 ἔτι
682 1913 741 1968 τῶν
757 1912 810 1980 τῆς
828 1899 1004 1995 τυραννίδος
1021 1910 1124 1967 κακῶν
1143 1900 1287 1989 μονονούκ
1305 1899 1334 1964 έν
1352 1901 1517 1992 ὀφθαλμοῖς

419 2016 522 2097 όντων,
539 2013 656 2078 πολλῶν
673 2012 877 2077 ἀπιστούντων
896 2015 939 2076 ἔτι
956 2013 1029 2104 πρὸς
1045 2013 1079 2076 τὸ
1097 2007 1177 2087 ξένον
1194 2013 1460 2109 τοῦπράγματος,
1476 2010 1516 2095 μὴ

420 2115 590 2209 δυναμένων
610 2123 746 2214 ἁλμυράν
769 2123 863 2192 ἀκοὴν
887 2131 945 2186 τῶν
968 2117 1071 2186 δεινῶν
1095 2123 1217 2212 ῶςπερεὶ
1245 2121 1382 2206 ποτίμοις
1402 2123 1517 2206 νάμασι

419 2240 482 2307 τοῖς
499 2231 552 2296 ἀπ’
571 2231 714 2318 έμούικαὶ
734 2241 787 2308 τῆς
808 2231 880 2320 ε’μῆς
901 2232 1013 2319 τόλμης
1031 2232 1202 2322 ὁλοσχερῶς
1220 2225 1481 2313 ἀποκλύσασθαι*,
1503 2227 1518 2290 ὁ

420 2344 521 2407 πάντα
534 2344 629 2419 κακός
645 2334 731 2420 οὐτος
747 2345 799 2409 καὶ
817 2345 956 2435 φθονερός
973 2343 1136 2434 ἀντιλέγειν
1154 2342 1253 2429 τολμᾷ
1269 2342 1321 2405 καὶ
1340 2341 1393 2411 τὴν
1409 2335 1521 2430 ἀνδρα·

422 2456 533 2543 γαθίαν
546 2450 719 2541 ἐξουθενεῖν,
733 2456 748 2520 ό
761 2455 825 2543 μετ’
837 2454 928 2520 αὐτὸν
939 2461 1014 2529 ίσως
1024 2454 1044 2524 ἢ
1054 2455 1105 2518 καὶ
1123 2451 1191 2540 μετ’
1203 2451 1312 2516 ἐκεῖνον
1323 2450 1427 2534 ἐλθών,
1441 2449 1520 2524 όςτις

423 2565 461 2628 ἀν
477 2565 590 2656 γένοιτο
606 2569 693 2651 τότε,
714 2569 778 2658 περὶ
795 2575 854 2632 τῶν
867 2568 1021 2658 παρόντων
1042 2563 1160 2629 ἀκούων
1174 2563 1218 2628 ότι
1233 2586 1264 2625 τε
1281 2562 1418 2651 τυραννίς
1437 2558 1520 2624 ἐτολ-

424 2677 504 2760 μήθη
525 2683 561 2762 τῇ
582 2676 666 2740 πόλει
684 2676 776 2760 ποτέ,
799 2679 851 2740 καὶ
872 2675 916 2739 ότι
938 2677 1046 2764 ὁρμαῖς
1063 2675 1225 2763 φιλοσόιρου
1243 2674 1389 2762 ἀνῄρηται
1406 2669 1518 2754 τέλεον,

424 2779 486 2873 ἀρα
500 2793 629 2873 φροντιεῖ
641 2787 693 2847 καί
709 2784 831 2849 καλέσει
848 2784 898 2848 τόν
916 2783 1111 2874 εἰργασμένον
1128 2784 1295 2871 μακάριον;
1315 2780 1368 2844 οὐκ
1385 2785 1467 2844 ἔστιν
1480 2784 1522 2845 εἰ·

424 2901 488 2956 πεῖν
506 2889 662 2979 οὐδαμῶς.
685 2896 722 2955 Εἰ
740 2889 773 2956 δὲ
792 2897 846 2956 καί
866 2917 910 2967 τις
930 2893 1090 2983 εὐγνώμων
1108 2897 1152 2960 εἴη
1170 2891 1222 2953 καὶ
1242 2888 1375 2958 ἐπαινοίη
1393 2890 1444 2953 τὸν
1463 2887 1520 2956 δε-

460 3090 468 3115 ·
483 3089 605 3149 Fortasse,
614 3093 655 3141 κάν
667 3091 678 3141 ό
689 3111 712 3139 τι
724 3111 760 3146 τις
774 3110 795 3138 κ.
807 3110 826 3140 ο.
840 3092 905 3158 εἴπῃ.
917 3088 958 3138 sie
985 3093 1080 3138 σασθαι.
1094 3087 1154 3136 lude
1167 3086 1272 3152 profecit
1288 3097 1313 3136 et
1330 3087 1460 3137 Zacharias
1474 3090 1521 3138 Μῖ-

425 3168 505 3217 statim
521 3167 645 3233 loquetur.
661 3167 723 3218 Cod.
743 3171 818 3226 εἴποι,
839 3167 904 3234 quod
919 3167 959 3216 hic
986 3166 1118 3231 tylenaeus‚
1132 3182 1158 3229 p.
1181 3168 1224 3214 112
1239 3186 1245 3214 ι
1262 3163 1309 3235 ἀρά
1326 3187 1391 3216 σα...
1411 3173 1522 3231 πείθομαι

425 3245 515 3294 mutavi
528 3243 560 3294 ob
572 3261 677 3311 sequens
689 3257 785 3312 tempus
798 3247 855 3316 δώῃ.
987 3252 1080 3311 ποτίμῳ
1100 3248 1160 3310 λόγῳ
1179 3248 1284 3313 ἁλμυρὰν
1302 3247 1370 3302 ἀκοὴν
1386 3247 1523 3296 ἀποκλύσα-

459 3322 560 3375 ’Ποιεῖν
580 3332 634 3394 περὶ
651 3330 759 3376 πλείστου
775 3325 827 3374 usui
842 3323 961 3374 adversa·
987 3329 1050 3375 σθαι.
1062 3323 1098 3373 lbi
1111 3339 1166 3374 mea
1185 3334 1251 3372 nota.
1269 3325 1300 3373 Et
1317 3324 1446 3385 Libanius,
1459 3335 1479 3373 t.
1495 3324 1521 3385 1,

426 3411 475 3463 tur,
487 3403 528 3469 qui
548 3403 626 3453 forma
637 3403 718 3454 media
733 3402 822 3469 gaudet
831 3407 959 3454 ποιεῖσθαι.
987 3420 1013 3468 p.
1028 3403 1094 3452 528:
1108 3406 1214 3469 ἁλμυρὰν
1232 3406 1302 3460 ἀκοὴν
1316 3406 1463 3454 ἀπεκλύσατο
1476 3424 1521 3454 πο-

426 3479 506 3530 Locus
520 3493 557 3530 est
575 3482 653 3547 Lysiae
666 3481 830 3532 memorabilis
846 3482 879 3529 De
893 3478 962 3528 caude
989 3491 1051 3548 τίμῳ
1071 3483 1141 3549 λόγῳ.
1157 3481 1288 3546 Gregorius
1302 3482 1361 3531 Naz.
1381 3482 1459 3547 Epist.
1475 3484 1521 3542 43,

427 3559 493 3608 Erat.
513 3562 544 3608 26
556 3580 562 3609 ι
574 3565 641 3624 νόμος
657 3563 681 3611 ὐν
699 3568 725 3610 σύ
740 3564 891 3628 παραθαίνων
906 3565 961 3628 περὶ
989 3566 1052 3629 ἱερὰς
1071 3563 1164 3630 βίθλους
1182 3570 1254 3610 vocat
1271 3569 1395 3624 ποτίμους.
1415 3561 1521 3625 Symeon

426 3637 549 3694 ἐλάττονος
578 3649 623 3688 τῶν
645 3640 732 3695 ἡδονῶν
755 3639 875 3695 ἐποίησας.
901 3637 960 3686 Bre·
988 3639 1107 3702 Metaphr.
1120 3639 1150 3688 V.
1167 3639 1267 3687 loannis
1281 3639 1326 3688 Ev.
1341 3654 1366 3701 p.
1378 3641 1468 3688 ἳθιτὸ
1481 3649 1522 3695 τῆς

427 3713 503 3775 nlius,
512 3714 702 3779 conjecturalem
715 3716 846 3766 lectionem
855 3715 960 3765 Bekkeri
988 3720 1082 3773 ἀπάτης
1091 3720 1194 3782 ἁλμυρὸν
1206 3718 1359 3777 ἀποπτύσας,
1370 3721 1411 3765 τοῦ
1421 3724 1523 3779 ποτίμου

426 3794 527 3848 ἐποίησω
544 3794 653 3857 recepit,
670 3795 709 3843 cui
727 3794 829 3858 praeibat
840 3795 961 3860 Corayus.
988 3797 1071 3845 τούτου
1085 3800 1124 3843 καὶ
1137 3797 1282 3856 γλυκυτάτου
1299 3799 1403 3856 νάματος
1414 3795 1523 3860 ἓμρορή-
1586 3833 1589 3836 .

426 3868 511 3919 Mirum
531 3880 568 3919 est
588 3871 613 3919 iu
634 3870 681 3920 hoc
705 3870 795 3921 mendo
820 3865 962 3936 conspirare
988 3869 1522 3937 orm.QuemSymeouemlaudansOratione

427 3947 505 4013 Lysiae
522 3946 636 4008 codices,
654 3949 694 4012 qui
713 3949 763 3997 noti
780 3959 851 4008 sunt,
866 3965 960 4000 omnes.
988 3951 1138 4016 Panegyrica
1153 3950 1260 4011 Paralius,
1278 3966 1304 4013 p.
1319 3951 1363 3998 231
1381 3970 1386 3997 :
1408 3960 1441 4017 τῷ
1459 3952 1485 4001 δέ
1497 3972 1523 4015 γι

427 4025 544 4091 Epistolae
556 4025 688 4077 Socratica,²
704 4028 732 4075 31
749 4026 804 4076 finis
817 4028 909 4093 pariter
921 4029 962 4079 la·
988 4039 1057 4099 σαροῖ
1073 4034 1112 4079 καί
1131 4036 1226 4094 ποτίμῳ
1249 4034 1291 4085 τὰς
1314 4029 1435 4086 ἰδιῶτιδας
1453 4031 1524 4086 ἀκοὰς

427 4102 500 4153 horat
510 4125 516 4154 ι
528 4112 581 4174 περί
598 4108 708 4157 πλείστου
727 4107 752 4155 δὲ
767 4107 803 4155 δεῖ
821 4127 846 4156 σε
864 4118 962 4165 ποιῆσαι
990 4121 1031 4167 τῆς
1044 4112 1126 4158 ἑαυτοῦ
1136 4119 1209 4178 ρωνῆς
1223 4107 1524 4175 ἀνηρτήσατο.Ρτοοορίιιο

428 4188 535 4252 σώφρονά
548 4204 574 4234 τι
585 4182 688 4234 ἄνοια...
704 4182 787 4234 Codex
801 4185 863 4234 3054
878 4180 948 4236 recta
955 4223 962 4246 ,
990 4188 1024 4237 De
1035 4187 1171 4252 Iustiniana
1181 4185 1275 4236 Auecd.
1287 4203 1313 4253 p.
1326 4188 1367 4247 57,
1381 4187 1427 4236 14:
1442 4197 1488 4237 τῶν
1499 4189 1524 4237 δὲ

428 4267 557 4312 ποιεῖσθαι.
989 4265 1017 4321 δὴ
1032 4267 1177 4327 ἀγαθῶνκαὶ
1194 4264 1266 4321 αὐτήν
1280 4285 1325 4314 που
1336 4272 1377 4321 τὴν
1393 4266 1462 4321 ἀκοὴν
1477 4267 1523 4314 ἁλ-

462 4338 472 4363 ³
487 4339 527 4390 Sic
539 4340 639 4389 inferius
649 4338 756 4406 οὐμενουν
768 4341 815 4391 οὐκ.
988 4349 1064 4409 μυρὰν
1080 4346 1191 4408 οἰόμενος.
1204 4341 1274 4392 Adde
1290 4341 1367 4392 lahnii
1380 4341 1522 4406 symbolas,

463 4417 506 4467 ‘A
524 4418 624 4469 Platone
645 4419 763 4481 Phaedro,
780 4419 796 4485 ᾗ
816 4421 857 4481 45,
877 4421 963 4470 sumsit
989 4437 1014 4487 p.
1034 4422 1064 4468 10
1077 4438 1126 4486 sq.;
1146 4423 1247 4487 Kayser.
1265 4422 1295 4470 ad
1310 4421 1424 4470 philostr.
1445 4419 1474 4469 V.
1496 4419 1522 4468 S.

430 4501 537 4566 ἁλμυρὰν
548 4500 617 4555 ἀκοὴν
627 4506 737 4563 ποτίμοις
748 4505 847 4563 νάμασιν
863 4502 961 4549 ἀποκλύ·
988 4516 1014 4563 ρ.
1033 4501 1085 4548 189.
