3684 5659
441 613 511 682 ⁴22
776 619 810 678 Γ.
839 617 912 678 ΤΟΥ
937 605 1195 678 ΠΑΧΥΜΕΡΟΥΣ

437 754 526 846 φόνου
544 759 564 823 ή
580 776 658 827 τινος
675 746 882 839 ἀδικήματος,
904 752 920 816 θ
938 748 976 822 δή
996 753 1048 816 καί
1072 753 1251 843 πεπράχασι
1269 760 1423 845 φανερῶς·
1452 751 1533 841 ὅμως

438 859 472 929 δὲ
487 859 631 928 δικασταί
646 862 834 939 συνελθόντες
847 862 902 929 οὐκ
915 861 1001 939 εὐθὺς
1015 861 1133 928 ἐκείνων
1146 862 1432 956 καταψηφίζονται·
1454 864 1534 931 ἀλλά

437 975 542 1065 χώραν
564 972 732 1064 ἀπολογίας
755 967 875 1038 διδοῦσι
899 974 1066 1057 κάκείνοις,
1092 979 1121 1036 εί
1139 997 1203 1048 πως
1223 968 1352 1049 δικαίως
1372 973 1533 1066 ἀπολογήη

438 1107 555 1150 σαιυτο.

488 1220 503 1251 ιι
519 1175 647 1270 Ᾰνήλθες
664 1218 699 1279 ν,
724 1193 839 1286 λέγεις,
863 1195 915 1260 καί
940 1196 993 1266 τήν
1014 1190 1153 1260 διάνοιαν
1170 1193 1211 1281 οὐ.
1223 1203 1360 1270 σκοπεῖς.
1380 1173 1532 1279 Ᾱνὴλθον,

439 1306 596 1398 ὁμολογῶ,
623 1302 705 1383 ξένος
729 1311 785 1372 ὤν·
816 1304 870 1371 οὐκ
898 1308 1064 1398 ἀρνοῦμαι·
1094 1306 1163 1373 ἀλλ’
1181 1307 1236 1372 οὐκ
1258 1306 1305 1372 ἐπὶ
1332 1303 1458 1395 δυςνοίᾳ
1479 1311 1532 1375 καί

439 1424 633 1506 κατασκοπῇ.
652 1395 721 1482 Ᾰλλ
744 1415 789 1508 ἐφ’
808 1408 901 1502 ᾧκαί
921 1416 1061 1503 ἀνῆλθον,
1085 1417 1127 1506 μή
1145 1416 1196 1506 ἐμὲ
1212 1420 1380 1483 πυνθάνου·
1401 1418 1484 1484 ἀλλά
1495 1419 1535 1484 τό

439 1526 525 1603 τέλος
543 1525 614 1618 ὅρα,
637 1529 690 1593 καί
709 1529 853 1614 μάνθανε.

487 1661 503 1694 ιι
521 1641 658 1704 Τεθνάτω
676 1661 692 1696 ν
715 1638 794 1730 λέγει
818 1639 833 1703 ὃ
855 1639 1033 1728 νομοθέτης,
1061 1664 1075 1695 ιι
1093 1643 1117 1705 εί
1145 1637 1226 1716 ξένος
1249 1639 1368 1705 ἀνέλθοι
1386 1665 1417 1705 ν.
1450 1642 1534 1728 Φημί

438 1750 539 1840 κάγώ.
561 1748 641 1820 Πλήν
658 1748 693 1815 οὐ
709 1749 846 1841 προςέχω
864 1752 966 1838 μόνοις
987 1759 1050 1826 τοῖς
1071 1753 1268 1843 γράμμασιν·
1289 1749 1358 1816 ἀλλ’
1376 1749 1536 1840 έμόατεόω

438 1862 491 1926 καὶ
514 1870 551 1950 τῇ
569 1856 690 1947 διανοίᾳ
708 1866 760 1927 τοῦ
780 1861 973 1953 γράψαντος,
994 1862 1039 1929 ότι
1057 1864 1107 1927 τὸν
1130 1859 1252 1938 δόςνουν
1267 1864 1387 1938 πάντως
1404 1862 1534 1949 κωλύει,
1550 1889 1570 1907 ··

439 1971 474 2037 οὐ
496 1973 546 2038 τὸν
573 1970 619 2036 ἐπ’
646 1971 746 2057 εὐνοίᾳ
769 1974 822 2037 καί
845 1980 889 2060 τῷ
911 1973 997 2062 καλῷ
1019 1982 1072 2050 τῆς
1095 1972 1213 2064 πόλεως.
1236 1972 1450 2066 ἀνερχόμενον.
1475 1977 1539 2051 ΚαὶΙ

438 2087 527 2147 τοῦτο
552 2088 606 2148 τοῦ
629 2082 788 2170 νομοθέτου
809 2084 842 2149 τὸ
869 2081 1023 2172 βούλημα.
1049 2087 1087 2150 Τί
1109 2086 1169 2177 γάρ
1191 2080 1334 2170 βούλεται
1356 2084 1449 2172 ἀλλο,
1468 2085 1488 2158 ή
1506 2086 1538 2151 τί
1609 2122 1613 2129 ·

439 2203 500 2258 νοεῖ
517 2193 550 2258 τὸ
569 2190 645 2258 οίιτω
661 2195 726 2285 περὶ
745 2202 804 2259 τῶν
822 2191 910 2270 ξένοιν
927 2195 978 2260 τὸν
994 2193 1156 2283 νομοθέτην
1173 2196 1412 2285 ἀποφήνασθαις

488 2306 525 2368 Ei
541 2299 569 2368 δ’
587 2303 623 2369 οὐ
633 2300 845 2396 προςδιόιρισε1
861 2307 893 2370 τί
909 2301 1003 2389 ξένον,
1020 2306 1072 2369 καί
1086 2305 1177 2370 ποίαν
1190 2308 1254 2393 ἔχει
1268 2309 1357 2370 τοῦτο
1369 2300 1534 2390 διάστιξιν,

438 2413 537 2480 πολλά
553 2423 611 2480 τῶν
629 2410 727 2487 δήλων
745 2417 771 2481 οἱ
791 2419 955 2509 γράφοντες
976 2415 1227 2509 παραλείπουσιν.
1248 2411 1329 2480 Οὐδὲ
1346 2417 1406 2509 γάρ
1425 2417 1460 2482 τὸ
1475 2426 1539 2482 πᾶν

440 2523 551 2593 ἐκεῖθεν
565 2535 619 2604 τής
638 2522 809 2604 καταδίκης
830 2528 849 2599 ή
869 2536 922 2604 τῆς
944 2526 1091 2618 ἀφέσεως.
1111 2506 1337 2591 Ᾰπολελοίπασί
1357 2550 1385 2591 τι
1402 2528 1455 2592 καί
1473 2537 1539 2604 τοῖς

441 2647 575 2730 κριταῖς·
597 2616 718 2703 οίδασι’
733 2640 791 2731 γάρ
808 2619 918 2732 σοφοὺς
936 2634 1148 2726 έκδεξομένους
1162 2636 1215 2702 καί
1234 2646 1334 2739 σοφῶς
1350 2634 1537 2731 έξηγησομί·

440 2773 509 2825 νους
524 2749 559 2813 τὸ
575 2744 703 2813 τούτων’
718 2746 873 2838 βούλημα.
893 2749 996 2814 Δίελθε
1015 2757 1119 2816 πᾶσαν
1137 2745 1243 2833 βίθλον
1265 2756 1324 2814 τῶν
1345 2750 1461 2837 νόμων,
1482 2746 1537 2816 καί

441 2861 522 2926 κατά
545 2854 669 2923 λεπτὸν*
696 2858 766 2935 τοὺς
792 2861 901 2948 νόμους
927 2856 1066 2943 ἐξέταζε,
1095 2866 1124 2924 εί
1147 2884 1205 2924 που
1231 2858 1338 2924 κωλύει
1362 2863 1450 2937 τινά,
1479 2861 1538 2926 κάν

441 2971 543 3045 ὁποῖος
559 2975 621 3060 άρα
637 2967 688 3033 καί
704 2976 769 3052 ε’ίη,
785 2970 842 3034 κάν
858 2970 999 3054 πολίτης,
1019 2970 1076 3034 κάν
1095 2965 1192 3046 ξένος,
1214 2961 1246 3033 εὖ
1261 2970 1313 3040 τήν
1326 2970 1412 3035 πόλιν
1426 2980 1536 3057 ποιεῖν,

441 3083 609 3146 καὶταῦτα
629 3079 658 3145 ἐν
675 3090 793 3171 καιροῖς
812 3083 966 3172 ἀνάγκης,
993 3082 1044 3145 καῖ
1064 3076 1208 3145 κινδύνων
1230 3083 1447 3173 ἀπαραιτήτου
1467 3082 1537 3149 έπι-

441 3191 583 3279 κειμένων
598 3193 649 3256 καί
668 3190 925 3278 καταληψομένων
941 3191 994 3262 τήν
1015 3191 1118 3275 πόλιν,
1144 3191 1179 3262 ἢν
1197 3195 1238 3279 μή
1257 3216 1302 3268 τις
1322 3195 1396 3257 θεῶν
1409 3191 1538 3286 ὑπερέξῃ

441 3313 531 3395 χεῖρα
555 3299 597 3368 δι’
620 3298 767 3374 οὐδήποτε
789 3311 847 3368 τῶν
865 3301 940 3366 ἐκεῖ.
956 3305 1039 3374 Ζήτει
1062 3297 1331 3394 προςδιορισμοὺς“
1353 3301 1398 3395 ἐφ’
1416 3301 1539 3392 ἑκάστῳ

440 3423 499 3480 τῶν
515 3415 705 3506 ἀναγκαίων,
724 3409 828 3485 ἐπειδή
846 3410 931 3480 δοκεῖ
942 3422 985 3501 τῷ
1002 3416 1146 3506 γράφοντι
1162 3412 1358 3506 παραλείπειν
1375 3415 1416 3490 ὡς
1431 3412 1535 3496 δήλου,

441 3529 493 3592 καί
508 3530 608 3618 χρήσῃ
623 3527 724 3603 καλῶς
741 3534 805 3603 τοῖς
818 3528 939 3614 νόμοις,
957 3526 1010 3592 καί
1030 3524 1076 3590 έπὶ
1091 3525 1176 3613 καλῷ
1193 3533 1246 3602 τῆς
1260 3521 1408 3618 πατρίδος
1425 3529 1479 3593 καί
1496 3535 1540 3616 τῷ

442 3637 633 3729 συμφέροντι.

491 3771 507 3803 ιι
519 3728 620 3812 Ᾰλλά“
642 3743 709 3824 δέος
730 3752 771 3834 μή
792 3774 856 3825 πως
877 3751 930 3814 καί
952 3750 1038 3826 πόλις
1059 3749 1175 3833 ε’κείνη,
1200 3751 1252 3814 καί
1277 3750 1380 3836 νόμοι,
1404 3752 1456 3815 καὶ
1478 3759 1540 3816 πᾶν

443 3857 558 3950 ἀγαθὸν
575 3857 716 3948 έκλείψῃ,
734 3864 788 3924 σοῦ
805 3860 1125 3953 πολυπραγμονοῦντος
1142 3862 1175 3926 τὸ
1193 3859 1292 3926 λεῖπον
1306 3868 1364 3925 τῶν
1381 3862 1481 3948 νόμων
1497 3862 1540 3938 ὡς

443 3965 546 4057 δῆλον,
566 3970 618 4035 καί
639 3972 798 4046 ζητοῦντος
816 3970 855 4047 ὡς
873 3971 888 4036 ὁ
905 3971 1067 4059 νομοθέτης
1086 3971 1121 4037 οὐ
1138 3967 1366 4064 προςδιώρισεν.

477 4209 486 4235 ¹
497 4207 590 4258 Schola
604 4215 631 4260 τὸ
640 4217 673 4274 μή
685 4211 877 4279 προςδιωρίοθαι.
1036 4207 1047 4234 ⁴
1057 4208 1153 4266 Noster,
1168 4224 1195 4273 p.
1209 4207 1254 4269 19,
1265 4209 1279 4256 ί
1290 4227 1297 4259 τ
1309 4209 1418 4278 έρευνᾶτε
1429 4221 1471 4270 τὴν
1482 4214 1542 4277 ἐμήν

476 4285 591 4336 'Schola
603 4290 720 4346 ἡῖιάνοια
729 4296 771 4341 τοῦ
781 4295 913 4356 νομοθέτου,
927 4297 976 4344 πῶς
1002 4291 1065 4337 κατὰ
1074 4291 1158 4337 λεπτὸν
1168 4291 1300 4337 πολιτείαν·

486 4365 659 4433 προςδιώριοεν.
1037 4363 1135 4426 “Cod.‚
1150 4367 1358 4433 προςδιοιριομούς.

499 4441 581 4490 Potius
596 4443 682 4493 αὐτῶν.
692 4443 752 4492 Vide
763 4461 787 4508 μ.
801 4447 846 4504 71,
862 4460 886 4493 n.
904 4447 926 4492 1.
1038 4440 1103 4493 ‘Est
1119 4442 1225 4507 objectio
1241 4443 1382 4494 adversarii.
