3684 5659
565 631 750 696 annuunt
771 631 819 695 ET
841 629 1101 736 conaturum.
1316 640 1377 700 329

281 765 381 836 lectio,
403 787 494 845 quum
510 767 660 826 notissima
677 769 714 826 sit
738 779 766 825 et
787 767 833 825 hic
853 779 1017 847 opportuna
1039 767 1162 827 formula
1179 775 1272 827 παθεῖν
1291 793 1318 828 τι
1338 769 1375 828 de

235 894 238 899 ’
282 873 386 923 morte.
401 854 485 920 conf.
499 884 530 943 p.
547 865 621 940 321,
638 864 667 920 2.

326 956 359 1014 P.
377 957 449 1030 265,
462 979 488 1015 c.
509 961 522 1016 1
539 970 612 1016 extr.
627 956 837 1038 Leg.bist.13.

325 1052 360 1113 Ρ.
377 1053 452 1124 267,
474 1051 560 1132 δυ’.
574 1053 705 1112 Verbum
725 1059 867 1131 καμμύσας
881 1049 950 1110 facit
967 1062 1000 1108 nt
1022 1052 1203 1110 meminerim
1225 1052 1377 1113 Luciancae

284 1146 529 1228 Tragopodagrae‚
546 1149 586 1206 20
598 1171 606 1206 ι
621 1149 787 1227 ταλιίιπωρον
797 1147 928 1224 δέμας....
947 1135 1066 1218 bornae,
1078 1156 1124 1204 καὶ
1134 1155 1246 1226 μεμυκὸς
1256 1151 1378 1208 ἐπιτείνει

284 1251 389 1310 πόνους.
407 1242 512 1321 lleperi
528 1242 558 1300 in
570 1241 669 1300 oodice
683 1243 854 1314 lectionem,
868 1243 913 1299 cui
927 1263 985 1300 non
999 1242 1124 1301 multum
1136 1241 1244 1315 tribuo,
1256 1256 1377 1324 excepto

284 1337 364 1418 quod
375 1340 412 1397 sit
421 1339 571 1417 perspicua
585 1324 706 1401 :baruae
721 1346 766 1395 καὶ
780 1345 894 1418 μακροὺς
905 1340 1044 1397 tutantia
1057 1345 1159 1405 πόνους.

327 1434 362 1492 Ρ.
381 1435 459 1502 270,
475 1455 503 1490 c.
522 1438 551 1492 1.
567 1431 611 1490 De
622 1432 709 1490 verbo
721 1434 870 1508 συνοψιζειν
885 1433 992 1514 Coray.
1007 1436 1053 1491 At.
1068 1430 1105 1508 4,
1117 1434 1189 1493 573.

327 1527 359 1586 Ρ.
375 1528 455 1595 272,
474 1550 504 1585 ιι.
521 1528 559 1584 12
567 1569 577 1598 ,
592 1525 614 1586 l.
631 1528 661 1588 2.
680 1526 837 1607 Ριο21ος.
857 1531 906 1589 12.

327 1622 360 1680 P.
376 1622 432 1681 301
447 1665 455 1696 ,
471 1621 490 1702 §
508 1623 575 1702 poa'.
591 1620 688 1680 Codex
708 1626 767 1699 ἔχει
787 1622 905 1701 quidem
922 1644 1000 1681 nunc
1017 1621 1151 1695 exhibet,
1173 1623 1223 1682 sed
1244 1644 1260 1680 e
1278 1644 1377 1682 eorre-

235 1774 239 1779 .
286 1720 393 1790 ctione,
403 1729 431 1775 et
440 1717 554 1776 videtur
564 1714 649 1777 fuisse
662 1717 741 1797 prius
752 1723 825 1795 ἔχοι,
839 1717 917 1798 quod
929 1717 1000 1776 mihi
1011 1718 1129 1797 placuit.
1140 1717 1186 1776 Sic
1198 1716 1236 1798 §§
1244 1718 1293 1791 ιδ’,
1301 1722 1374 1799 ρι6ἰ

285 1816 377 1893 ἠρώτα
392 1815 414 1869 εἰ
431 1818 543 1892 πρέποι,
563 1816 653 1892 ἠρώτα
666 1818 745 1872 πόθεν
761 1819 832 1890 ἔχοι.
855 1811 900 1871 Cf.
918 1811 937 1892 ξ)
958 1811 1004 1871 ια’.
1027 1811 1206 1870 indicativus
1222 1817 1376 1873 conveniet

286 1905 401 1966 directae
412 1907 611 1986 propositioni.

327 2001 362 2062 P.
375 2002 453 2074 289,
471 2023 500 2059 ιι.
517 2006 567 2063 11.
584 2002 727 2061 Abderitis
738 2025 772 2062 ac
789 2002 944 2061 Maronitis
961 2001 1127 2061 stoliditatis
1141 2004 1209 2061 olim
1223 2006 1378 2064 notissimis

286 2097 432 2156 addantur
452 2097 565 2155 Sidonii
580 2119 613 2155 ac
632 2096 739 2156 Cumaei
762 2120 834 2178 quos
853 2097 1046 2156 Hieroclis-et
1066 2098 1204 2179 Philagrii
1223 2100 1377 2159 historiolae

282 2191 425 2272 ,proximae
442 2190 547 2250 facient
559 2191 706 2251 ridiculos.
832 2251 838 2259 ,

328 2273 363 2334 Ρ.
380 2273 454 2349 321,
469 2295 499 2330 ιι.
514 2275 542 2333 7.
567 2273 632 2332 Non
647 2280 740 2354 potuit
761 2284 854 2352 ριμός,
873 2281 1009 2354 ριριάριον,
1025 2274 1088 2343 vel,
1105 2274 1184 2353 qnod
1200 2296 1306 2333 nomen
1322 2298 1379 2333 no-

286 2370 419 2441 timeat,
440 2370 546 2448 popssstn'
563 2369 738 2428 mulierculae
754 2369 956 2449 petulantioris
972 2367 1073 2425 faciem
1088 2369 1126 2426 ita
1142 2373 1254 2448 operire
1272 2383 1377 2429 utnon

287 2462 515 2544 dignosceretur.
533 2466 569 2521 At
581 2484 789 2542 nonnunquam
805 2466 913 2543 ρορῧειᾴ
929 2461 1088 2521 addebatur
1101 2463 1159 2521 veli
1174 2485 1264 2544 genus
1282 2465 1380 2542 quod-

287 2557 372 2630 dam,
390 2580 449 2638 quo
469 2559 564 2636 potuit
589 2561 640 2616 uti.
662 2558 707 2617 Ex
728 2558 922 2618 monumentis
948 2557 1065 2636 quidem
1090 2579 1213 2636 quorum
1238 2562 1377 2638 imagines

287 2654 394 2734 raptim
404 2653 517 2732 inspexi
531 2653 587 2711 veli
598 2653 678 2712 istius
691 2652 811 2711 formam
823 2673 886 2732 quae
897 2650 984 2710 suerit
992 2652 1042 2710 vix
1053 2652 1192 2733 intelligo.
1202 2653 1257 2712 Sed
1268 2657 1375 2733 ἀπέχω,

287 2770 400 2807 memor
415 2747 611 2807 Ciceronianae
626 2749 786 2820 sententiae,
805 2769 837 2805 ea
856 2748 975 2805 omnino
992 2745 1179 2824 deliberanda
1198 2771 1256 2807 non
1270 2772 1332 2808 esse
1346 2753 1377 2810 in

287 2845 394 2924 quibus
415 2857 458 2902 est
478 2845 568 2923 turpis
583 2846 644 2925 ipsa
661 2842 848 2915 deliberati0;
866 2845 950 2922 cujus
964 2843 1016 2922 qui
1035 2827 1085 2902 me
1102 2847 1191 2902 serius
1213 2848 1379 2907 meminisse

288 2937 412 3012 dixerit,
429 2939 546 2999 babebit
560 2941 743 3000 confitentem
758 2961 851 3000 reum.
863 2939 928 2999 Non
942 2960 1047 3020 sequor
1056 2960 1170 3019 semper
1183 2941 1313 3018 meliora,
1326 2949 1379 3004 etsi

289 3033 342 3093 illa
354 3033 467 3093 videam
481 3035 669 3115 probemque.

331 3142 363 3199 P.
377 3143 456 3215 322,
472 3168 502 3203 n.
513 3146 544 3203 9.
561 3144 600 3203 Et
613 3149 654 3203 sic
665 3145 741 3203 male
752 3145 851 3203 dirisae
866 3157 934 3203 sunt
949 3145 1065 3225 syllabae
1076 3158 1128 3204 τῶν
1143 3146 1172 3204 δέ
1186 3149 1216 3205 in
1229 3148 1378 3228 Symeonis

288 3236 369 3294 sethi
386 3235 545 3304 lehnelate,
560 3238 622 3295 aliae
637 3238 711 3295 male
722 3237 855 3296 adunatae
869 3259 898 3315 p.
917 3237 958 3296 24
972 3262 979 3295 :
997 3239 1081 3306 οὐδεὶς
1094 3247 1146 3321 γὰρ
1157 3245 1275 3323 ἐχέρρων
1287 3257 1338 3303 τῶν
1350 3248 1379 3305 δὲ

290 3340 344 3386 τῶν
365 3340 444 3407 τριῶν
458 3333 634 3408 κατατολμᾷ,
651 3333 705 3386 ἀλλ’
723 3332 782 3388 οὐδὲ
796 3332 893 3416 pedion
912 3335 938 3398 ἐξ
955 3336 1042 3389 αὐτῶν
1061 3342 1185 3400 σώζεται·
1200 3339 1267 3414 λέγω
1285 3338 1317 3403 δὴ
1334 3352 1379 3406 τῆς

289 3431 355 3503 πρὸς
371 3431 431 3490 τοὺς
445 3427 563 3502 βασιλεῖς
578 3428 735 3502 ἐγρύτητος,
750 3434 796 3482 καὶ
811 3438 856 3493 τῆς
870 3436 916 3482 τοῦ
933 3427 1088 3507 δηλητηρίου
1107 3429 1246 3510 διαπειρᾷν
1260 3437 1379 3509 μεταλη-

289 3522 376 3595 ψεως,
392 3528 437 3576 καὶ
450 3529 497 3577 τοῦ
511 3531 570 3585 ταῖς
588 3523 692 3597 γυναιξὶ
703 3527 836 3578 πιστεύειν
849 3530 993 3602 μυστήρια.
1015 3521 1169 3581 Manifesta
1184 3536 1227 3582 est
1240 3531 1379 3588 correctio

290 3617 389 3688 τῶνδε,
403 3615 439 3675 de
457 3638 513 3696 qua
532 3637 568 3674 ne
580 3617 755 3675 monuissem
767 3617 904 3695 quidem,
921 3617 972 3676 sed
987 3617 1106 3675 verbum
1120 3617 1260 3700 διαπειρᾷν
1274 3623 1380 3682 sollici-

289 3710 412 3770 tandum
426 3711 579 3770 videbitur.
596 3710 730 3790 Oportuit
742 3711 820 3768 enirn
835 3702 920 3768 scribi
934 3753 942 3784 ‚
956 3719 1001 3768 καὶ
1017 3721 1064 3770 τοῦ
1079 3724 1125 3780 τῆς
1136 3724 1182 3770 τοῦ
1197 3715 1253 3779 dal.
1274 3718 1382 3778 διαπει-

290 3813 390 3887 ρᾶσθαι
410 3809 593 3885 μεταλήψεως,
608 3820 640 3865 ut
660 3808 757 3865 statim
777 3814 910 3865 πιστεύειν
932 3807 1018 3867 habet
1037 3806 1207 3886 adjunctum
1226 3813 1379 3873 articulum

291 3910 349 3957 τοῦ.
374 3901 507 3981 Propone
525 3903 584 3983 legi
599 3904 645 3960 διὰ
658 3913 763 3982 πεῖραν,
785 3902 1002 3980 «experimenti
1017 3901 1145 3961 faciundi
1166 3927 1250 3963 causa
1266 3933 1291 3969 ν,
1316 3910 1380 3969 Pari

291 3997 421 4055 remcdio
436 3999 546 4079 indiget
559 3989 715 4078 Gregorius
730 3997 801 4057 Naz.
819 3997 906 4060 anth.
919 4000 951 4069 8,
967 4001 1025 4060 122
1038 4022 1046 4057 ι
1059 3987 1283 4080 Ᾰρτιχενειάσκων
1293 4009 1382 4082 Εὑρή-

292 4115 360 4168 μιος.
377 4092 474 4152 Codex
489 4093 614 4172 optimus
629 4094 754 4172 optime,
767 4100 828 4173 ἄρτι
840 4118 894 4173 χεν.
909 4092 946 4151 Et
960 4095 1000 4151 sic
1014 4093 1191 4152 Muratorius
1202 4097 1312 4157 Anecd.
1325 4099 1377 4159 Gr.

293 4209 321 4267 p.
343 4188 391 4245 22.
406 4188 571 4247 Alexander
585 4188 714 4268 Apbrod.
732 4190 776 4247 De
794 4188 920 4246 febribus
940 4209 998 4245 non
1018 4189 1118 4267 procul
1135 4190 1172 4248 ab
1187 4192 1269 4250 initio
1286 4217 1294 4250 ε
1311 4196 1381 4264 ἔδοξέ

235 4310 237 4314 ·
293 4306 339 4359 μοι
354 4288 387 4348 ὡς
403 4295 631 4363 παρενεισαχωχῆς
648 4291 748 4364 τρόπῳ.
770 4283 833 4341 lmo
852 4288 933 4364 ὥςπερ
951 4286 977 4340 ἐν
992 4286 1131 4363 εἰςαγωχῆς
1145 4294 1244 4366 τρόπῳ.
1263 4287 1381 4349 Nemini

294 4389 525 4459 παρενεισαχωχὴ,
538 4380 609 4438 mihi
625 4381 647 4438 si
661 4380 799 4452 creditur,
814 4379 907 4438 lcxica
926 4378 1108 4439 claudentur.
1128 4381 1255 4442 loannes
1273 4384 1382 4444 Dama-

1204 4477 1243 4539 42
