3684 5659
444 603 491 672 78
764 615 817 672 T.
846 608 920 669 ΤΟΥ
944 605 1200 668 ΠΑΧΥΜΕΡΟΥΣ

1311 688 1335 731 ι

441 745 521 808 όυῦν
538 743 603 832 περὶ
618 749 695 812 νηῶν
712 747 775 804 ἀνω
790 743 842 805 καί
855 742 939 805 κάτω
957 737 1083 824 σοθῶυί,
1102 748 1219 831 πρῶτος
1235 738 1444 834 κατεψηφίζου
1461 743 1538 809 ταό·

441 878 509 928 ταις
526 853 576 917 τόν
592 851 780 942 ἐμπρησμόν.

490 966 528 1027 Ei
548 958 578 1027 δ’
594 961 805 1054 αὐτοκράτορα
818 959 892 1035 τέως
909 959 1087 1050 ἐχειροτόνει
1103 958 1175 1051 ὑπὲρ
1192 960 1302 1038 ἄλλους
1320 962 1335 1026 ό
1352 958 1450 1049 δῆμος
1464 962 1518 1052 ἐμέ
1524 1009 1536 1044 ,

441 1075 493 1138 καὶ
512 1075 552 1136 τά
568 1075 662 1139 πιστά
684 1067 788 1136 ἐδίδου
808 1076 862 1134 τοῦ
883 1073 1012 1161 θάρρους
1033 1072 1075 1145 εἰς
1092 1069 1109 1135 ό
1126 1095 1154 1135 τι
1172 1073 1224 1135 καί
1242 1067 1391 1161 πράξαιμι
1409 1072 1539 1155 εὐνοῶν,

442 1181 574 1267 σκέψαι,
601 1180 791 1272 παρακαλῶ,
817 1180 870 1248 τὴν
892 1187 946 1254 τῆς
967 1182 1153 1270 χειροτονίας
1174 1176 1320 1267 δύναμιν,
1341 1184 1416 1262 καί,
1442 1181 1539 1274 ὥςπερ

443 1295 499 1356 κάν
516 1301 578 1367 τοῖς
593 1290 696 1366 ἀλλοις
712 1293 752 1354 τά
767 1292 839 1376 ἡμῖν
852 1288 1028 1380 πραχθέντα
1042 1292 1123 1355 κατὰ
1136 1291 1186 1355 τόν
1202 1290 1331 1377 πόλεμον
1349 1300 1414 1368 τοῖς
1430 1316 1538 1384 χειρο-

441 1404 604 1472 τονήσασιν
628 1402 790 1484 ἀνατίθης,
815 1396 893 1464 οθτω
916 1394 1002 1474 δέξαι
1019 1402 1071 1463 καί
1091 1405 1196 1465 τοῦτο·
1218 1403 1271 1466 καί
1290 1396 1387 1489 δῆμον
1403 1399 1540 1493 εὑρήσεις

442 1510 509 1576 όλον
526 1513 578 1576 καί
597 1511 683 1576 πόλιν
701 1513 784 1576 κατά
800 1511 849 1574 τὸν
864 1509 931 1574 τότε
949 1509 1067 1600 καιρόν,
1087 1508 1157 1574 καθ’
1174 1509 1207 1575 όν
1222 1509 1439 1601 ἐχειροτόνουν,
1457 1534 1539 1604 πυρ-

441 1621 608 1697 πολοῦυτας
623 1623 679 1696 τάς
695 1625 783 1695 ναῦς.

491 1733 572 1812 Καί,
594 1733 619 1795 εί
637 1727 760 1814 βούλει,
781 1729 894 1817 σκέψαι
915 1730 966 1793 τόν
988 1729 1076 1819 λόγον
1097 1729 1142 1804 ὡς-
1158 1729 1261 1805 ἁπλῶς
1281 1731 1334 1794 καί
1354 1729 1540 1822 ἀπεριέργως

442 1840 538 1930 λέγω,
558 1844 609 1906 καὶ
636 1837 714 1929 δίχα
736 1843 837 1917 πάοης
853 1842 1005 1933 περινοίας
1025 1841 1078 1904 καί
1100 1840 1310 1915 πιθανότητος.
1335 1821 1387 1904 ίνα
1410 1842 1441 1904 τί
1456 1843 1537 1932 γάρ,

442 1949 515 2036 ἐμοῦ
540 1953 718 2025 νικήσαντος
744 1949 814 2024 τοὺς
836 1948 985 2040 ἐχθρούς,
1004 1951 1023 2020 ἡ
1043 1948 1129 2025 πόλις
1151 1959 1237 2034 νικᾷν
1260 1948 1401 2039 λέγεται,
1420 1951 1474 2014 καὶ
1498 1949 1540 2026 ὦς

440 2061 562 2135 νικητὴς
578 2060 593 2123 ὁ
611 2055 705 2146 δῆμος
724 2068 939 2151 στερανηρορεῖ
955 2062 1007 2125 καί
1024 2060 1064 2128 τά
1082 2059 1203 2150 μεγάλα
1224 2062 1394 2137 θειάζεταις
1417 2055 1473 2124 διά
1487 2061 1536 2137 τίς

443 2167 489 2235 ότι
503 2171 627 2259 ἀγαθῶν
643 2176 785 2259 γεωργῶν
802 2170 908 2259 ἀγαθὰ
922 2169 963 2232 τά
979 2169 1132 2260 γεώργια,
1151 2170 1204 2234 καὶ
1220 2171 1345 2260 ἀγαθῶν
1357 2171 1539 2261 σπερμάτων

443 2281 552 2370 ἀγαθοί
572 2279 598 2343 οἱ
622 2280 733 2368 καρποί
740 2276 764 2362 ¹,
788 2280 841 2344 καί
862 2287 921 2345 τῶν
941 2276 1142 2366 ἐκλεξαμέυων
1158 2281 1210 2345 καί
1228 2281 1540 2373 χειροτονησάντωνὴ

441 2386 566 2481 πρᾶξις,
586 2387 653 2453 ἀλλ’
672 2388 707 2454 οὐ
726 2391 817 2476 μόνον
836 2394 888 2454 τοῦ
906 2385 1093 2480 ἐκλεγέντος’
1109 2387 1196 2476 ἐμοῦ.
1221 2384 1308 2453 Οὕτω
1332 2390 1385 2454 καὶ
1408 2388 1538 2454 τούναν-

441 2501 504 2565 τίον
522 2495 607 2576 δέξαι
625 2501 677 2564 καὶ
697 2501 731 2565 τό
755 2497 864 2566 δοκοῦν
880 2509 1039 2586 πταῖσμα,
1061 2500 1102 2587 μὴ
1120 2498 1187 2564 όλον
1204 2498 1292 2585 ἐμόν,
1311 2497 1391 2564 ἀλλά
1407 2500 1461 2563 καί
1479 2505 1539 2564 τῶν

442 2609 675 2701 ἐγχειρισάντων
696 2613 736 2676 τὰ
759 2614 941 2703 πράγματα.
964 2592 1037 2676 Ᾰλλ’
1060 2609 1124 2674 οὔτ’
1141 2608 1248 2674 ἐκεῖνοι
1272 2607 1413 2697 μέμψεως
1436 2605 1538 2691 ἄξιοι,

443 2719 507 2784 οὔτ’
530 2719 590 2810 ἐγὼ
614 2723 824 2811 κατακρίσεως
848 2717 902 2785 διά
924 2725 1041 2797 ταῦτα,
1066 2723 1097 2796 ἐς
1115 2718 1143 2783 τ’
1161 2719 1198 2783 ἂν
1215 2717 1321 2783 ἐκεῖνοι
1338 2716 1391 2805 μὲν
1408 2719 1537 2808 φιλοπό-

443 2824 525 2903 λιδες
541 2824 632 2912 ὦσιν,
652 2829 712 2919 ἐγὼ
729 2825 759 2893 δ’
775 2829 915 2918 εὐνοῶτῄ
932 2826 1057 2919 πατρίδι
1075 2831 1126 2894 καὶ
1146 2825 1308 2916 δημοτικός
1324 2831 1493 2918 φαίνωμαι.

492 2940 570 3021 Καί,
596 2941 620 3002 εί
638 2935 770 3023 βούλοι’,
790 2939 879 3004 πάλιν
897 2938 1001 3031 ἐρεύνα
1017 2941 1067 3004 τόν
1083 2941 1209 3030 τρόπον,
1232 2939 1322 3005 πάλιν
1343 2938 1396 3009 τὴν
1416 2939 1539 3029 γνώμην

443 3044 579 3124 ἐξέταζε·
600 3049 641 3135 μὴ
663 3051 811 3139 ἀρκεσθῇς
828 3058 863 3136 τῇ
880 3049 1011 3140 προτέρᾳ
1030 3051 1133 3139 γνώμῃ
1150 3057 1207 3113 τῶν
1222 3049 1369 3114 πολιτῶν·
1391 3047 1538 3114 ἐπιόαλοῦ

443 3159 495 3221 καί
517 3153 656 3248 δευτέρᾳ.
680 3161 745 3221 Οίει
763 3157 803 3232 ὡς
825 3157 941 3248 ἀφελῶς
965 3159 1017 3222 καὶ
1043 3153 1260 3244 ἀδοκιμάστως
1281 3159 1396 3242 πάντη,
1423 3159 1477 3223 καὶ
1504 3158 1539 3224 ἐκ
1592 3185 1595 3190 ’

442 3273 495 3332 τοῦ
519 3269 638 3359 πρώτου
661 3270 892 3359 παραστάντος,
920 3266 973 3356 ἐμὲ
998 3269 1048 3332 τόν
1073 3264 1168 3354 δῆμον
1189 3264 1389 3346 έκλέξασθαι;
1416 3271 1470 3335 καί
1495 3271 1538 3357 μὴ

442 3377 528 3469 γένος
549 3383 695 3465 ζητῆσαι,
720 3379 762 3464 μὴ
782 3380 909 3470 τρόπον,
934 3380 974 3465 μὴ
995 3381 1041 3454 τίς
1060 3379 1076 3443 ό
1097 3380 1244 3469 γεννήσας
1263 3381 1376 3469 πατήρ,
1400 3383 1538 3456 καὶπῶς

444 3488 674 3580 ἀνατέθραμμαι
694 3491 746 3554 καί
769 3498 832 3565 πῶς
848 3487 1082 3575 πεπολίτευμαι,
1105 3490 1156 3553 καί
1175 3490 1200 3553 εί
1219 3483 1381 3575 δημοτικός
1395 3495 1460 3565 τοῖς
1475 3515 1536 3556 πο-

444 3598 541 3674 λίταις
562 3601 614 3663 καὶ
638 3598 773 3690 μέτριος,
797 3607 876 3664 εἴτε
899 3600 956 3686 μὴν
977 3600 1151 3691 τυραννικός
1171 3601 1222 3663 καί
1249 3595 1403 3683 αὐθάδης,
1430 3605 1536 3666 τοῦτον

444 3704 620 3788 ἑξουθενῶν,
637 3708 727 3773 ἀλλον
739 3706 887 3801 ὑθρίζων,
904 3705 1048 3796 τῷδήμῳ
1063 3708 1292 3799 καταρώμενος,
1311 3709 1364 3778 τὴν
1380 3708 1467 3773 πόλιν
1481 3709 1535 3774 οὐκ

478 3933 486 3958 ⁴
499 3931 534 3981 De
544 3934 591 3982 ἄνω
600 3953 623 3983 κ.
635 3954 658 3982 κ.
672 3937 747 3984 σοθτῖν
756 3949 782 3997 p.
795 3935 836 3994 45,
848 3950 873 3983 n.
884 3936 909 3984 3.
1003 3933 1087 3984 scebat
1093 3933 1213 3998 passivum
1219 3934 1428 4000 ἐκλιγίντος,ᾳιιοό
1435 3934 1534 4000 scripsi.

477 4009 597 4075 'Aliquid
610 4011 673 4061 inest
689 4010 843 4075 Gregorianae
857 4012 976 4064 imitatio·
1002 4012 1102 4062 Formas
1113 4013 1219 4077 passivas
1229 4018 1356 4077 ονλλιγιις,
1365 4019 1502 4077 καταλογιίς
1510 4023 1536 4063 et

443 4087 491 4139 nis.
505 4088 668 4139 Nazianzenus
678 4089 742 4139 enim
757 4089 798 4139 Or.
810 4091 856 4148 ³8,
869 4106 894 4155 p.
906 4091 973 4142 6142
1001 4090 1093 4140 similes
1116 4090 1204 4140 videsis
1229 4091 1253 4139 in
1276 4092 1342 4141 notis
1364 4091 1396 4141 ad
1415 4091 1535 4142 Thomam

443 4178 547 4235 πονηρῶν
558 4168 703 4218 διδασκάλων
712 4175 772 4218 κακὰ
785 4174 816 4218 τὰ
825 4174 975 4233 μαθήματα,
1001 4168 1065 4231 Mag.
1077 4168 1107 4218 V.
1118 4173 1278 4232 Καταλεχθείς
1291 4173 1383 4219 κάλλιον
1398 4173 1414 4225 ἦ
1429 4173 1537 4220 καταλε-

441 4250 530 4308 μᾶλλον
542 4248 568 4296 δὲ
578 4258 683 4316 πονηρῶν
693 4253 833 4316 σπερμάτων
843 4254 934 4316 πονηρὰ
944 4254 976 4298 τὰ
1002 4253 1063 4309 γείς·
1088 4246 1127 4295 cui
1154 4262 1203 4296 non
1227 4247 1387 4296 credendum.
1417 4246 1536 4313 Loquitur

442 4329 554 4390 γεώργια.
1002 4338 1068 4373 nune
1081 4324 1243 4389 pachymeres
1255 4333 1282 4373 ut
1294 4324 1427 4390 scriptores
1437 4325 1535 4390 optimi.

476 4398 600 4459 'Codex.
623 4404 761 4466 ἐκλέγοντος.
779 4401 906 4451 Sententia
928 4416 974 4465 po·
1035 4399 1150 4451 ’δολιολε
1161 4407 1256 4459 ποιότης
1266 4407 1306 4451 καί
1316 4409 1406 4465 γνάμη.
