3684 5659
450 635 519 706 108
785 645 820 702 Γ.
848 643 922 703 ΤΟΥ
948 640 1203 702 ΠΑΧΥΜΕΡΟΥΣ

445 781 602 860 πείσαντα,
631 779 682 841 καί
707 772 769 840 δεῖν
787 773 941 866 ἐγνωκότα
958 776 1080 839 κτείνειν
1097 773 1129 837 ὃν
1150 774 1257 837 ἄνκαὶ
1278 770 1436 857 βούλοιτο;
1462 776 1540 865 Πρὸς

445 883 524 973 ὑμᾶς
538 886 613 978 λέγω
627 887 677 951 τὸν
694 882 802 973 δῆμον,
818 887 870 949 καί
891 883 992 977 ἐρωτῶ
1010 887 1036 948 εί
1054 880 1102 947 δεῖ
1116 883 1280 975 ἐπιτρέπειν
1296 889 1414 949 ταῦτα·
1434 888 1460 949 εἰ
1478 880 1538 969 δεῖ,

444 998 497 1059 καὶ
520 996 661 1087 συμφέρει
681 1005 717 1085 τῇ
738 995 821 1060 πόλει
839 995 872 1058 τὸ
890 994 1065 1086 τυραννικὸν
1082 997 1170 1057 τοῦτο
1188 995 1241 1057 καί
1260 988 1410 1068 αὔθαδες·
1430 995 1485 1058 καὶ
1503 994 1540 1059 άν

444 1104 504 1195 ἐγὼ
527 1102 631 1189 τόνδε,
658 1105 767 1181 ἐκεῖνος
792 1101 821 1170 δ’
844 1103 949 1187 ἄλλον,
975 1103 1067 1178 ἄλλος
1092 1101 1207 1193 ἕτερον,
1232 1104 1320 1191 μόνον
1344 1104 1382 1167 άν
1404 1100 1540 1194 βουληθῇ

444 1239 491 1291 τις
508 1218 560 1281 καί
580 1216 667 1306 θέλῃ,
686 1218 798 1306 ποιήσῃ
816 1215 923 1298 κακόν,
945 1216 970 1278 εἰ
988 1218 1087 1278 ταῦτα
1105 1208 1240 1304 διαφέρει
1256 1221 1435 1304 τυραννικῆς
1452 1215 1539 1301 ὡμό·

445 1351 534 1402 τητσς
552 1329 603 1392 καί
624 1326 817 1418 συγχύσεως.
836 1327 894 1390 Καὶ
909 1325 967 1411 μὴν
980 1325 1052 1390 πότε
1066 1328 1165 1390 ταῦτα
1182 1325 1234 1388 καὶ
1252 1323 1299 1388 έπί
1315 1332 1374 1388 τῶν
1389 1326 1539 1416 τυράννων

443 1435 563 1501 ἐκείνων
584 1436 782 1523 τετόλμηται;
808 1434 853 1500 ἐπὶ
878 1443 936 1500 τῶν
955 1443 1069 1526 καιρῶν
1085 1436 1305 1526 Πεισιστράτου
1322 1439 1376 1499 τοῦ
1392 1438 1538 1525 καταρά-

441 1567 511 1630 τους
530 1546 576 1612 ε’ττί
595 1550 654 1612 τῶν
670 1553 784 1638 καιρῶν
800 1552 859 1610 τῶν
872 1542 1078 1636 Τριάκονταῆ
1099 1543 1144 1635 ἐφ’
1159 1543 1289 1609 ἑκάστου
1306 1552 1365 1609 τῶν
1377 1543 1539 1637 ἀλιτηρίων

442 1654 560 1722 ε’κείνων
574 1658 626 1722 καλ
643 1656 820 1748 ἀλαστόρων
836 1662 890 1730 τῆς
906 1654 1038 1739 πόλεως;
1060 1648 1100 1719 ὧν
1116 1656 1172 1730 τάς
1189 1650 1370 1748 τυραννίδας
1386 1655 1427 1731 ὡς
1444 1645 1539 1744 χαλε·

441 1766 502 1842 πάις
519 1764 706 1855 ὑμνουμένας
728 1769 848 1853 ἔχοντες
872 1762 970 1844 ἐςαεί,
995 1763 1137 1837 τοιαύτην
1157 1766 1252 1836 ἀκοὴν
1269 1763 1324 1830 οὐκ
1348 1771 1436 1853 ἴσμεν
1452 1767 1539 1857 παρά

441 1878 579 1968 πατέρων
595 1876 754 1961 λαθόντες,
775 1877 842 1941 οὔτε
860 1875 918 1963 μὴν
936 1871 1002 1940 οὐδ’
1022 1859 1196 1952 έλπίσάντες
1211 1876 1246 1940 τό
1263 1874 1437 1963 μετέπειτα.

490 1989 549 2051 Καὶ
571 1990 595 2051 εί
618 1985 671 2074 μέν
689 1989 879 2078 προαιρεῖσθε
898 1984 1038 2061 κολάζειν
1059 1986 1093 2051 τό
1114 1985 1230 2074 μύσος,
1249 1985 1299 2050 ’ίνα
1315 1987 1346 2050 τί
1366 1984 1422 2051 οὐκ
1440 1984 1536 2054 αυτό-

442 2099 490 2162 θεν
508 2097 776 2188 καταψηφίζεσθε,
796 2098 837 2172 ὡς
856 2097 892 2160 άν
911 2092 1017 2172 δόξητε
1031 2099 1083 2162 καί
1102 2105 1161 2162 τῶν
1180 2097 1297 2172 ζώντων
1312 2098 1398 2183 ἡμῶν
1416 2095 1537 2186 ἑκάστῳ

441 2205 535 2282 οὕτως
551 2211 593 2282 εἰς
611 2203 769 2278 ἐκδίκησιν
782 2207 929 2297 πρόθυμοι
942 2209 1156 2298 γενησόμενοι,
1177 2213 1214 2279 ἤν
1227 2231 1285 2271 που
1301 2207 1397 2271 κακόν
1412 2231 1460 2283 τις
1476 2211 1538 2274 πά·

442 2320 488 2383 θοι
509 2320 594 2410 παρὰ
613 2323 665 2382 τοῦ
683 2319 832 2409 γείτονσς;
852 2317 888 2388 ἢν
905 2313 939 2382 δὲ
956 2321 1107 2407 καθυφῆτε
1128 2318 1181 2383 καὶ
1206 2317 1248 2404 μὴ
1265 2313 1446 2402 κολάζητε’,
1465 2317 1535 2384 έπε-

443 2428 565 2521 τρέπετε
589 2432 719 2504 πάντως.
744 2430 802 2493 Καὶ
827 2437 945 2522 πρῶτον
968 2432 1049 2495 ἔστιν
1069 2430 1149 2504 εἰκὸς
1173 2429 1208 2493 τὸ
1232 2423 1429 2521 δικαστήριον
1447 2434 1535 2496 τοῦτο

441 2538 627 2608 καταθαλεῖν
641 2542 683 2614 είς
701 2534 835 2630 ἔδαφος,
854 2541 907 2604 καί
929 2535 1080 2615 δικαστάς
1097 2540 1139 2626 μὴ
1152 2535 1228 2604 εἶναι
1246 2533 1323 2624 μηδὲ
1337 2537 1532 2630 λογίζεσθαι,

440 2653 492 2715 καὶ
512 2648 574 2714 τότ’
598 2649 764 2740 ἐπιτρέπειν
784 2655 897 2713 ταῦτα.
919 2651 979 2714 Καὶ
1004 2652 1029 2714 εί
1050 2648 1133 2714 καλά
1155 2654 1254 2714 ταῦτα
1271 2656 1309 2736 τῇ
1329 2648 1434 2734 πόλει,
1454 2649 1535 2742 γινέ-

446 2764 583 2825 σθωσαν.
596 2762 654 2824 Καὶ
672 2762 702 2824 τί
717 2759 819 2824 λοιπὸν
832 2758 917 2835 πόλις
932 2759 947 2822 ὁ
964 2760 1054 2834 τόπος
1069 2749 1155 2835 οὗτος
1167 2786 1209 2823 κα

439 2894 504 2955 ποι,
522 2870 602 2935 ἀλλά
619 2870 660 2956 μὴ
679 2871 788 2960 ἔρημός
801 2894 863 2953 τις,
880 2871 933 2933 καὶ
950 2870 1041 2960 θηρία
1057 2871 1097 2933 τά
1109 2868 1298 2952 ἐνοικοῦντα,
1315 2868 1357 2955 μὴ
1372 2867 1534 2959 λόγου,μὴ

439 2981 641 3072 ἡμερότητος,
663 2980 703 3067 μίι
722 2979 875 3054 πολιτείας
895 2978 1082 3067 μετέχοντα;
1102 2957 1193 3055 Eme
1210 2979 1299 3069 λόγον
1318 2974 1349 3054 ἐξ
1370 2980 1533 3070 ἀνθρώπων

439 3093 490 3154 καί
510 3094 620 3182 κρίσιν,
642 3092 693 3154 καί
717 3089 840 3180 λογίζου
857 3089 891 3153 τὸ
913 3089 1016 3154 λοιπὸν
1038 3092 1069 3153 τί
1087 3091 1124 3153 άν
1146 3091 1198 3155 καί
1219 3096 1265 3160 εἴη
1289 3088 1404 3160 άλλσῆ
1425 3091 1533 3181 θηρίων

439 3202 557 3288 ὠμότης
576 3201 687 3293 άλογος
705 3202 757 3264 καί
777 3202 959 3275 ἀκάθεκτος.
979 3195 1095 3271 Επειδὴ
1116 3202 1176 3293 γάρ
1199 3200 1214 3264 ὁ
1241 3199 1362 3264 ένοικῶν
1378 3200 1432 3270 τὴν
1452 3225 1534 3291 καρ-

440 3307 509 3376 δίαν
524 3313 616 3400 θνμδς
633 3314 685 3376 καί
704 3313 723 3382 ἡ
742 3310 873 3402 σύζυγος
887 3310 983 3398 τούτῳ
1001 3311 1145 3398 ἐπιθυμία
1163 3314 1228 3376 ἔστι
1246 3308 1299 3399 μέν
1317 3313 1449 3402 θηρίοις,
1469 3313 1532 3375 ἔστι

439 3417 468 3486 δ’
488 3424 672 3514 ἀνθρώποις,
692 3424 744 3488 καὶ
764 3421 863 3486 πολλά
884 3420 937 3509 μέν
957 3425 1140 3515 κατορθοῦσι
1163 3427 1280 3505 ταῦτα,
1301 3420 1399 3486 πολλά
1422 3417 1457 3486 δέ
1479 3424 1530 3487 καί

439 3534 641 3624 σφάλλονται,
665 3532 862 3623 άπεκληρώθη
886 3531 975 3623 λόγος
992 3535 1064 3621 ἡμῖν
1082 3537 1124 3608 εἰς
1141 3531 1301 3618 βοήθειαν.
1326 3532 1390 3595 Κάν
1407 3530 1469 3623 ἐγὼ
1490 3533 1531 3620 μή

437 3643 517 3734 λόγῳ
536 3646 684 3729 κινοίμην,
703 3651 762 3708 τῶν
778 3645 884 3708 παθῶν
895 3644 946 3707 τὸν
964 3641 993 3707 έν
1008 3643 1073 3730 ἐμοὶ
1092 3644 1182 3735 λόγον
1195 3645 1398 3721 νικησάντων,
1417 3645 1498 3708 ἔστιν
1515 3644 1531 3708 ὁ

438 3748 555 3826 κοινὸςδ
567 3760 620 3826 τῆς
635 3754 782 3842 κρίσεως,
799 3754 851 3816 καί
869 3755 912 3826 είς
929 3749 1070 3828 εὐταξίαν
1087 3760 1157 3845 άγει
1170 3754 1223 3825 τὴν
1234 3751 1377 3836 ἀταξίαν,
1392 3752 1531 3828 κολάζων

437 3862 487 3926 τὸν
503 3861 687 3942 ἡττηθέντα,
702 3864 755 3926 καὶ
771 3864 887 3933 τίθησιν
906 3870 968 3928 άνω
985 3865 1035 3928 τὸν
1051 3861 1193 3952 ἡνίοχονι
1208 3864 1310 3955 λόγον,
1330 3865 1382 3928 καὶ
1400 3866 1532 3930 καθυπο-

472 4054 479 4081 ¹
491 4063 543 4106 Τῶν
554 4052 698 4123 Τριάκοντα]
713 4070 773 4119 quos
780 4053 831 4119 jam
843 4069 970 4104 memora·
997 4054 1104 4105 carnifex
1115 4053 1228 4117 publicus
1244 4069 1258 4103 a
1271 4052 1395 4118 judicibus
1408 4051 1532 4104 εοοειΙω-

437 4135 552 4199 νίιρ.86,
564 4136 601 4184 Πι
610 4135 705 4192 ἐκείνους
718 4135 746 4191 δὴ
754 4138 807 4193 τοὺς
818 4134 970 4199 ὑμνουμένονς
997 4143 1035 4184 tus
1054 4134 1095 4199 qui
1111 4131 1205 4197 judicia
1218 4132 1369 4197 exsequitur.
1386 4131 1415 4181 Ni
1429 4141 1532 4196 propter

436 4218 536 4263 Tao'txv
555 4232 580 4263 οι.
996 4227 1022 4261 οε
1041 4210 1121 4261 uentia
1150 4211 1291 4260 otiussitca
1311 4209 1411 4260 iendum
1422 4209 1531 4261 deinte-

456 4233 480 4313 ί·
492 4234 576 4339 (λίνδου
587 4295 711 4354 κολάζετε,
724 4291 889 4357 superscripto
904 4313 928 4348 η.
996 4228 1060 4338 ιίότο
1072 4227 1227 4338 οοτιεέἰεπιίεε
1240 4226 1341 4338 tangre.

470 4364 533 4416 ὓδίε
550 4366 641 4430 codex,
654 4370 748 4434 ελλίμιί,
762 4379 789 4417 ut
799 4369 904 4427 videtur,
920 4384 969 4417 no-
1028 4365 1171 4432 Ἰλεερεεῑιι
1195 4365 1226 4416 ad
1246 4365 1400 4431 phantasiam
1423 4365 1530 4416 Platonis

347 4477 350 4483 ·
437 4445 506 4495 minis
524 4447 606 4509 δήμιος
622 4467 627 4495 :
649 4459 709 4498 «est
723 4447 807 4511 judicii
820 4447 926 4497 carnifex
940 4466 967 4507 ο,
997 4445 1113 4507 Phaedro,
1130 4444 1147 4510 S
1164 4445 1209 4504 54,
1231 4445 1269 4495 cui
1291 4444 1363 4496 Ratio
1381 4452 1419 4494 cst
1439 4450 1529 4508 ἡνίοχος
