3684 5659
824 606 979 669 ΜΕΑΕΤΗ
1006 596 1060 668 Hi.
1415 610 1478 680 24⁴!

387 738 443 826 μὲν
454 730 548 827 ήμάς,
560 742 607 805 σοὶ
621 736 654 804 θέ
664 749 706 828 τῷ
715 741 789 818 τέως
799 739 961 832 φνλάξοιντι
970 739 1165 834 προύξένησεν
1175 746 1307 822 ἔπαινον;
1318 746 1409 810 Πάντ’
1419 752 1483 838 ἔχει

386 850 508 942 καιρόν,
528 854 678 942 ἄνθρωπε.
693 852 757 916 Κάν
769 853 819 917 τὸν
832 854 937 945 καιρὸν
952 854 1062 945 ἀφέλῃς
1076 853 1179 918 ἐκτῶν
1192 857 1380 944 πραγμάτων
1396 857 1480 928 ἢκαί

385 967 446 1024 τῶν
464 961 561 1047 νόμων
579 959 690 1045 αὐτῶν,
715 961 749 1024 τὸ
768 956 834 1024 θέον
858 963 1033 1052 ἀφῄρηκας,
1056 965 1108 1028 καὶ
1129 967 1204 1037 ζῶον
1220 969 1332 1028 ἀπνουν
1350 969 1483 1056 εἰργάσω

386 1071 439 1134 καί
464 1069 587 1158 ἄψυχον
609 1071 661 1141 τὴν
683 1070 877 1162 προκειμένην
901 1069 1009 1164 πρᾶξιν
1032 1074 1157 1153 ἐκείνην,
1181 1069 1284 1144 ἐπειδὴ
1304 1075 1408 1164 ψυχάς
1424 1087 1483 1144 τῶν

385 1181 575 1270 πραγμάτων
603 1179 672 1256 τοὺς
701 1178 840 1272 καιροὺς1
870 1177 1009 1269 οῖθοιμεν.
1041 1185 1099 1247 Καὶ
1132 1182 1168 1247 σὺ
1199 1182 1251 1271 μὲν
1279 1186 1483 1276 προκάλυμμα

386 1292 489 1367 θήσεις
506 1300 559 1367 τῆς
578 1293 700 1382 γνώμης
720 1291 769 1356 τὸν
789 1293 890 1379 νόμον,
913 1295 967 1358 καὶ
985 1294 1019 1358 τὸ
1036 1296 1101 1384 περὶ
1124 1295 1175 1364 τὴν
1193 1293 1333 1366 ἀθέτησιν
1357 1296 1482 1374 εθλαθὲς

384 1399 543 1491 προθαλῇ·
576 1400 666 1477 ἀλλος
697 1398 726 1467 θ’
751 1401 887 1476 ἀκούσας
916 1402 951 1466 οὐ
976 1399 1113 1486 ἀέξεται,
1139 1403 1207 1468 ἀλλ’
1234 1404 1424 1493 ἀνακαλύψει
1446 1410 1481 1473 τὸ

384 1509 608 1600 έπιτείχισμα’,
632 1513 683 1577 καὶ
707 1513 820 1603 γυμνὴν
840 1516 983 1603 προθήσει
1004 1509 1081 1602 θίχα
1097 1515 1208 1590 παντὸς
1223 1514 1479 1604 προκαλύμματος

384 1621 437 1690 τὴν
459 1616 625 1706 θιάνοιανθ,
650 1623 691 1698 ὡς
714 1623 818 1712 φθόνον
839 1621 892 1710 μὲν
911 1623 986 1715 πρὸς
1002 1622 1071 1699 τοὺς
1087 1619 1203 1713 ἀνθρας
1222 1620 1321 1711 εἶχες,
1342 1621 1480 1702 θύςνοιαν

384 1727 419 1796 δὲ
444 1734 520 1824 πρὸς
545 1735 598 1805 τὴν
622 1734 721 1817 πόλιν,
750 1737 800 1799 καὶ
821 1730 874 1798 θιά
901 1744 974 1822 μιοῖς
999 1739 1090 1827 ἔγνως
1113 1732 1249 1826 πράξεως
1274 1735 1403 1812 ἐκείνους
1426 1738 1479 1824 μὲν

382 1839 520 1908 ἐκποδὼν
537 1852 681 1930 ποιῆσαι,
701 1846 753 1915 τὴν
768 1845 852 1910 πόλιν
870 1841 903 1909 et
922 1845 1055 1916 λυπῆσαι
1073 1848 1113 1910 τά
1134 1846 1282 1936 μέγιστα,
1308 1854 1365 1910 κάν
1379 1847 1436 1912 πού
1450 1873 1479 1913 τι

381 1955 434 2016 καὶ
460 1942 574 2045 ἐσφάλη
598 1957 680 2020 κατὰ
701 1956 751 2020 τὸν
772 1955 914 2042 πόλεμον,
938 1959 1012 2044 μήτε
1028 1956 1097 2032 τοὺς
1114 1956 1295 2046 ἐλέγχοντας
1312 1961 1405 2045 ἔχειν,
1424 1961 1476 2023 καὶ

380 2063 434 2133 τὴν
454 2063 540 2129 πόλιν
564 2062 640 2130 οὕτω
666 2061 834 2149 θιαθεῖναι,
861 2066 933 2142 ὥςτε
961 2068 1001 2155 μὴ
1021 2065 1129 2143 ἐξεῖναι
1148 2066 1257 2156 ταύτῃ,
1281 2070 1321 2132 τά
1342 2068 1371 2132 ἐν
1390 2071 1478 2133 ποσὶν

381 2174 511 2264 ἀφεῖσαν
527 2176 579 2239 καὶ
600 2170 679 2246 eona
698 2179 825 2265 θρηνεῖν,
845 2178 911 2266 περὶ
935 2184 993 2240 τῶν
1014 2172 1135 2246 ἀθήλων
1153 2180 1264 2251 ζητεῖν.
1286 2157 1362 2241 ἐπεί
1378 2181 1427 2242 τοί
1443 2204 1477 2268 γε

379 2290 461 2367 πῶς,
479 2281 567 2358 εὐθὺς
581 2284 717 2360 ἀκούσας
730 2287 796 2376 περὶ
812 2293 871 2349 τῶν
885 2284 1060 2350 ἑαλωκότων
1073 2282 1133 2357 ἤθη
1147 2288 1198 2349 καὶ
1214 2286 1242 2350 έν
1258 2282 1381 2373 θεσμοῖς
1398 2284 1475 2352 εἶναι

380 2387 634 2482 προςθοκωμένων
650 2404 714 2470 τοῖς
735 2394 895 2486 ἀφύκτοις,
920 2396 960 2469 ὡς
978 2391 1044 2458 teon
1066 2395 1139 2483 πρὸς
1161 2403 1229 2470 ταῖς
1251 2395 1360 2471 πύλαις
1382 2395 1476 2469 ἑστή-

380 2527 484 2588 κασιν,
502 2503 556 2568 οὐκ
575 2504 712 2592 ἀσμένως
729 2506 782 2576 τήν
801 2505 947 2596 ἀγγελίαν
965 2501 1073 2592 έθέχου
1097 2507 1148 2568 καί
1172 2514 1345 2596 περιχαρώς
1368 2506 1475 2594 ηὐχα-

378 2609 508 2704 pieretg⁴
524 2613 577 2703 μὲν
600 2624 664 2691 τοῖς
686 2618 782 2700 θεοῖς,
807 2612 983 2706 ἐξώρμησας
1001 2610 1034 2679 θὲ
1052 2615 1153 2689 καθὼς
1174 2617 1279 2702 ἔτυχες
1299 2619 1391 2703 ἔχων,
1421 2621 1472 2682 καί

411 2867 420 2894 ¹
434 2866 499 2918 Dicit
514 2884 564 2918 non
583 2870 637 2920 eine
654 2872 676 2920 vi
695 2873 837 2923 occasiones
857 2888 911 2922 esse
939 2870 1032 2921 loheel.
1044 2886 1070 2934 p.
1082 2870 1129 2918 346
1141 2889 1147 2919 :
1159 2870 1198 2920 οὐκ
1209 2870 1266 2933 ἔγνω
1277 2871 1324 2919 δεῖν
1335 2881 1368 2939 τῷ
1380 2877 1474 2942 βασιλεῖ

377 2954 423 2995 τῶν
431 2952 579 3014 πραγμάτων
588 2954 673 3014 ψυχάς.
685 2950 717 3000 Et
729 2952 752 3000 in
763 2951 825 3001 Hist.
835 2951 907 3002 Mich.
938 2957 992 3019 περὶ
1011 2953 1099 3001 τοθτων
1117 2949 1201 3014 αὖτοψῖ
1221 2951 1383 3014 διαλεχθῆναι.
1396 2953 1474 3017 Lege-

378 3022 477 3075 Palaeol.
494 3028 521 3086 1,
538 3031 548 3074 1
565 3046 571 3075 :
586 3031 690 3095 ἱστορίας
704 3035 763 3097 γάρ,
781 3034 811 3086 ὡς
832 3030 860 3079 ἄν
875 3052 911 3088 τις
938 3029 984 3078 rim
1011 3029 1117 3092 αὖτοψεί.
1151 3028 1203 3089 Quo
1231 3026 1262 3076 de
1296 3026 1412 3079 adverbio
1441 3030 1473 3080 ed

377 3104 455 3162 εἴποι,
468 3109 531 3168 ψυχὴ
547 3109 562 3161 ἡ
580 3108 686 3163 ἀλήθεια.
701 3107 824 3157 Aristoteli
840 3108 909 3158 Poet.
939 3107 1030 3156 Aneed.
1041 3122 1095 3156 rnen
1107 3105 1205 3165 Graeca,
1217 3116 1235 3154 t.
1249 3106 1274 3167 l,
1287 3123 1312 3171 ρ.
1331 3108 1389 3156 396.
1403 3108 1474 3157 Phoe·

377 3182 406 3240 6,
429 3182 475 3242 20,
500 3182 581 3234 fabula
598 3200 652 3235 esee
675 3184 764 3234 dicitur
784 3188 846 3252 ἀρχὴ
871 3194 910 3236 καί
937 3186 979 3234 nix
999 3185 1124 3243 Athenaei,
1147 3187 1190 3243 12,
1210 3180 1334 3251 ίθιλνὴρ
1350 3193 1416 3242 Νίνος
1436 3206 1472 3242 τις

377 3262 425 3310 οἷον
439 3265 502 3326 ψυχὴ
517 3263 647 3327 tragoediae.
665 3263 745 3330 Byron
765 3264 860 3326 insuia,
883 3270 909 3324 1,
937 3266 1063 3327 ineest...-
1078 3263 1120 3320 Ὃς
1137 3263 1176 3312 οὐκ
1191 3264 1222 3313 ἴθ’
1237 3266 1332 3330 ἀστέρ’,
1347 3262 1396 3313 οὐδ’
1416 3265 1470 3325 ίςων

377 3336 769 3404 ozuthatoembtingvassatot
783 3341 823 3391 the
838 3342 909 3405 pole,
936 3344 1038 3404 ἐδίζητο.
1071 3340 1165 3405 Objeeit
1202 3341 1279 3405 priori
1317 3341 1470 3390 hemistichio

375 3413 429 3465 The
460 3415 551 3482 feeling
585 3432 714 3484 eompass,
752 3420 910 3483 navigation’e
934 3419 1041 3470 Meinok.
1056 3435 1079 3467 v.
1096 3419 1122 3467 d.
1138 3421 1173 3466 ἴδε
1185 3434 1234 3466 που
1247 3433 1320 3482 posse
1337 3429 1469 3482 augmento

374 3492 458 3544 eonio⁴
470 3494 500 3544 Et
512 3494 543 3545 de
554 3497 791 3565 καιρῷΡίυθοιυσΡ,
805 3500 830 3558 9,
845 3499 905 3546 135:
935 3513 1035 3556 cerere3
1070 3496 1109 3545 oui
1142 3495 1199 3545 vitio
1231 3495 1324 3544 mederi
1360 3494 1469 3544 conabor

374 3576 386 3623 ὀ
400 3573 425 3622 δὲ
436 3580 516 3640 καιρὸς
527 3578 612 3639 ὁμοίως
629 3583 715 3633 παντὸς
731 3576 780 3641 ἔχει
797 3582 906 3645 κορυφάν·
934 3576 1026 3639 scripto
1041 3594 1047 3622 t
1060 3575 1084 3631 θς
1097 3573 1177 3640 ἀστέρ’
1189 3573 1228 3622 οὒκ
1240 3571 1293 3631 εἶδ’,
1305 3572 1363 3622 οὐδ’.
1383 3571 1467 3622 Finem

374 3663 447 3715 quem
461 3650 543 3702 locum
554 3653 668 3720 apposnit
680 3654 788 3704 Brunok.
799 3654 830 3704 od
847 3655 908 3704 Ele-
934 3651 1039 3703 correxit
1064 3667 1200 3717 anonymus
1221 3650 1286 3716 apud
1308 3649 1466 3715 Schweigh.:

373 3738 450 3778 otram
473 3730 504 3778 15
522 3750 528 3779 :
547 3740 625 3801 καιρὸς
636 3716 689 3798 ’γὰρ
710 3733 777 3800 ὅςπερ
796 3734 907 3801 ἀνδράσιν
934 3732 986 3782 οὐδὲ
997 3739 1043 3792 ζῶν
1056 3732 1164 3793 ἐδίζητο,
1178 3729 1209 3779 de
1223 3729 1468 3795 positionelitteraeg

372 3811 488 3870 Μέγιστος
506 3809 574 3876 ἔργον
594 3814 682 3867 παντός
700 3813 748 3861 ἐστ’
768 3813 906 3867 ἐπιστάτης.
933 3824 1047 3868 securus,
1068 3809 1168 3859 licentia
1187 3808 1289 3857 sortasse
1308 3807 1467 3872 ignoscenda.

372 3882 434 3933 Vide
448 3885 543 3938 Aibert.
556 3886 656 3938 Observ.
668 3904 693 3953 p.
710 3888 769 3937 304.
780 3888 854 3937 Multa
865 3889 907 3939 da·
933 3886 983 3937 Sed
993 3897 1018 3936 et
1029 3889 1061 3937 ἴδ’
1073 3886 1165 3953 poterit
1173 3887 1226 3935 eine
1240 3895 1371 3951 augmento
1386 3886 1467 3935 iocum

372 3958 408 4011 bit
422 3962 537 4014 Erasmus
556 3965 650 4031 Adagio
668 3967 771 4017 «Nosce
786 3977 905 4033 tempus·
932 3965 1038 4015 retinere
1066 3981 1151 4026 snum,
1178 3981 1252 4031 quum
1276 3965 1329 4030 ipse
1358 3963 1465 4012 Meinek.

374 4043 403 4100 l,
419 4040 444 4099 ῖ,
459 4041 505 4102 70,
527 4058 576 4092 non
593 4043 711 4109 legendus
730 4044 783 4094 sine
803 4044 833 4094 tt.
852 4046 906 4096 Sto·
933 4044 1015 4092 omissi
1038 4042 1161 4106 augmenti
1184 4041 1297 4105 exempla
1325 4039 1465 4104 protulerit.

370 4116 445 4182 phani
468 4120 698 4184 Animadversione3
721 4139 778 4173 nam
804 4140 905 4189 magnus
931 4120 1111 4178 Πίκκολοςίιιιπο
1120 4118 1327 4168 Phoenicislooum
1340 4118 1418 4181 tetigit
1426 4118 1466 4167 vei

367 4196 595 4265 pnroemiographne
618 4216 690 4251 versu
716 4201 839 4252 Theocriti
867 4202 903 4253 ld.
932 4208 1014 4263 tanget
1024 4199 1049 4247 in
1063 4197 1130 4247 Novo
1147 4197 1287 4261 Conspectu
1302 4194 1465 4262 Enoyolopae-

373 4274 527 4338 tt,o8,est
539 4277 637 4329 abusus.
931 4279 998 4328 dico.

403 4349 498 4415 ’God.,
516 4357 697 4423 ἔπιτοίχεισμοι,
715 4358 857 4424 permutatis
872 4358 903 4408 de
964 4354 1085 4407 'Schola
1098 4357 1166 4422 ἑτέρα
1181 4353 1284 4404 διάνοια.

371 4444 438 4480 more
465 4434 589 4487 vocalibus
612 4459 619 4488 t
641 4458 672 4488 τι.
702 4437 808 4502 Symeon
833 4437 901 4487 Sothi
964 4433 1058 4495 ⁴Cod.,
1080 4433 1233 4501 ηὐχαρίστης.
1256 4431 1318 4482 Usus
1337 4431 1463 4483 iotacismo

1284 4515 1319 4573 31
