3684 5659
375 624 446 695 190
715 633 749 691 Γ.
776 632 851 694 ΤΟΥ
876 629 1134 691 ΠΑΧΥΜΕΡΟΥΣ

370 762 506 828 κωλύσαι
523 765 785 851 νομοθετήσαντας
807 765 841 829 τὸ
866 763 1069 857 πραττόμενον
1086 761 1187 850 ὅμοιον
1204 763 1351 852 ἡγοῦντο,
1376 762 1471 856 ὥςπερ

370 875 407 939 ἀν
421 876 475 939 καί
487 898 515 938 τι
529 873 604 939 ἀλλο
621 882 679 939 τῶν
695 883 749 950 τῆς
765 874 921 950 πολιτείας
940 872 1048 960 ἐθίμωυ
1064 874 1214 963 παράγειν
1230 873 1282 937 καί
1299 883 1473 960 μεταποιεῖν

370 981 520 1072 ἔμελλουί.
548 985 625 1048 Ούτε
646 986 705 1077 γάρ
725 985 812 1050 νόσον
834 987 898 1050 ἔστι
917 991 961 1070 τῷ
984 986 1078 1074 ἰατρῷ
1102 978 1133 1058 ἐξ
1154 981 1329 1070 αὐτομάτου
1348 982 1472 1049 κωλύειν

371 1096 423 1158 καί
443 1101 542 1160 ταῦτα
557 1097 761 1186 χρονίσασαν,
782 1094 844 1160 οὔτ’
864 1098 931 1171 ἔθος
947 1094 1063 1170 πόλεως
1079 1091 1268 1159 καταπαύειν
1284 1091 1396 1170 εὐθέως
1411 1104 1472 1172 τοῖς

370 1211 424 1280 τῆς
445 1205 597 1281 πολιτείας
617 1201 782 1298 πατράσι’,
804 1207 857 1270 καί
877 1203 965 1270 ταῦτ’
988 1206 1032 1280 είς
1053 1204 1210 1296 ῥᾳστώνην
1230 1203 1264 1269 ἐν
1286 1205 1340 1269 καί
1363 1200 1471 1277 ήδονὴν

371 1322 430 1379 τῶν
449 1314 688 1407 μετερχομένων,
709 1317 851 1404 ούμενουυ
869 1314 1113 1380 εὐαπάλλακτον.
1133 1315 1173 1380 Τὸ
1196 1310 1231 1380 δέ
1248 1323 1404 1407 προςηνῶς
1420 1319 1471 1381 θε-

371 1430 540 1515 ροιπεύσαι,
563 1428 617 1491 καί
640 1427 784 1516 πρόνοιαν
809 1425 917 1492 θέσθαι
938 1430 991 1491 τοῦ
1010 1433 1076 1501 πῶς
1094 1425 1131 1490 ἀν
1147 1423 1303 1490 ἐλαττοῖτο
1322 1426 1472 1503 τὸπάθος

371 1535 526 1627 προϊόντος
543 1540 596 1600 τού
619 1538 748 1628 χρόνον,
774 1538 827 1602 καί
847 1538 903 1613 τάς
920 1538 1008 1629 ῥίζας
1027 1530 1089 1601 οἷον
1107 1534 1323 1624 ἐκτέμνοντας,
1341 1536 1400 1603 κάν
1419 1536 1472 1603 ούκ

371 1640 519 1715 ἠδύναντο
537 1649 739 1712 κατασπάσαι
756 1646 790 1711 τὸ
808 1642 945 1738 δένδρον,
966 1647 1017 1713 τὸν
1035 1646 1140 1738 καιρὸν
1157 1648 1277 1739 ἀρεῖναι
1293 1642 1423 1737 ξηράυαι
1438 1646 1471 1713 τδ

371 1754 446 1831 τέως
463 1758 584 1842 ἀνθοῦν,
603 1759 657 1822 καί
674 1757 742 1823 λίαν
761 1766 818 1823 τῶν
839 1757 982 1847 ἐντέχνων
999 1755 1147 1845 ἐνόμιζον.

422 1843 498 1932 ὅθεν
520 1869 573 1933 καί
602 1877 701 1960 σορῶς
724 1868 868 1934 ἐκτιθείσι
892 1869 1019 1956 νόμους,
1044 1868 1098 1938 τὴν
1121 1864 1174 1955 μὲν
1196 1864 1320 1959 ἑταίραν
1343 1868 1387 1943 εἰς
1409 1865 1471 1933 ὅτι

371 1979 498 2066 πράττοι
518 1980 659 2067 ούμενουν
675 1986 849 2071 εἴργοντας,
866 1978 948 2046 ἄλλα
962 1974 995 2045 δὲ
1008 1978 1107 2045 πολλά
1122 1979 1175 2043 καί
1194 1977 1316 2068 μεγάλα
1331 1976 1473 2065 καταψη-

371 2087 547 2176 ριζομένους
573 2089 667 2166 αὐτῆς
694 2089 889 2179 ἐπιμενούσης
915 2098 960 2178 τῷ
985 2091 1092 2174 πάθει,
1117 2089 1170 2154 καί
1189 2097 1294 2157 πᾶσαν
1314 2092 1472 2157 νουθεσίαν

372 2197 526 2286 τιθεμένης
551 2198 679 2293 ὑστέραν
699 2211 753 2279 τῆς
775 2200 919 2295 σρετέρας
944 2200 1037 2277 αὐτῆς
1060 2198 1280 2293 προαιρέσεως·
1306 2200 1422 2268 τούτων
1443 2200 1472 2267 έν

372 2307 436 2374 ἐστι
457 2312 512 2375 καί
538 2312 572 2376 τὸ
595 2309 673 2400 μηδὲ
693 2315 809 2404 χρυσία
831 2304 982 2405 ροροίισαν
1005 2309 1202 2399 ἐμπομπεύειν
1218 2319 1255 2400 τῇ
1273 2309 1330 2397 θέρι
1353 2313 1407 2377 καί
1430 2318 1471 2400 τῷ

373 2420 477 2487 κάλλει
495 2422 709 2511 σεμνύνεσθαι·
731 2428 755 2492 εί
775 2420 810 2490 δέ
826 2449 854 2489 τι
872 2426 924 2488 καί
940 2420 1117 2513 ύπερορῶσα
1130 2423 1257 2512 πράττοι
1272 2429 1332 2487 τῶν
1348 2424 1472 2515 ἀπειρη·

374 2533 469 2621 μένων
491 2535 587 2626 αὐτῇ,
614 2535 659 2628 ἐρ’
684 2535 803 2626 ἑκάστῳ
824 2535 858 2600 τὸ
875 2535 1035 2626 πράςτιμον
1052 2536 1134 2598 κατά
1149 2534 1184 2598 τὸ
1205 2523 1355 2626 προξῆκον
1369 2536 1470 2625 πράτ-

373 2666 498 2731 τοντας,
527 2648 580 2719 τὴν
605 2647 658 2736 μέν
683 2650 743 2715 ἀπὸ
769 2647 905 2739 πατέρων
936 2645 1121 2737 ἐλευθερίαν,
1149 2645 1190 2721 ὡς
1214 2646 1391 2736 ἀναγκαίαν
1418 2646 1468 2711 καί

374 2753 468 2842 μηδὲν
481 2762 615 2846 ἔχουσαν
628 2759 863 2825 ἐναλλάττεσθαι
871 2805 881 2843 ,
896 2766 933 2847 τῇ
946 2758 1130 2846 ᾑταιρηκυίρι
1142 2755 1366 2847 φυλάττοντας,
1384 2752 1471 2834 ἰδίοις

376 2861 410 2930 δὲ
427 2870 599 2958 προςτίμοις
618 2869 710 2941 αὐτὴν
726 2871 977 2959 καθυπάγοντας,
997 2868 1047 2932 ἵνα
1054 2914 1064 2952 ,
1084 2865 1256 2954 σωζομένης
1275 2873 1331 2943 τῆς
1351 2866 1469 2933 ἐλευθε-

375 2978 443 3067 ρίας
458 2978 552 3068 αὐτῇ,
573 2976 666 3068 μηδὲν
681 2979 799 3067 έτοιμος
813 2976 832 3070 ᾐ
848 2983 889 3054 είς
902 2979 936 3043 τὸ
950 2978 1034 3053 τέλος
1049 2973 1346 3064 ἀπαυθαδίζεσθαιθ,
1363 2977 1470 3051 ἑαυτὴν

375 3083 409 3153 δὲ
422 3100 491 3166 ταῖς
507 3090 675 3182 ἐλευθέραις
689 3090 869 3183 ἐγκρίνονσα
885 3090 990 3181 χώραν
1007 3084 1082 3178 ἔχιρί
1097 3089 1171 3178 πρὸς
1184 3088 1217 3152 τδ
1232 3092 1471 3177 μεταμανθάνειν

375 3200 409 3266 τὸ
424 3209 553 3294 σῶφρον,
573 3205 625 3267 καί
644 3203 883 3290 μεταμέλεσθαι,
901 3203 953 3266 καὶ
969 3202 1042 3293 πρὸς
1058 3201 1091 3264 τὸ
1108 3196 1225 3284 βέλτιον
1239 3202 1468 3286 μετατίθεσθαι.

425 3309 506 3384 Αύτη
524 3317 635 3397 τοίνυν,
654 3316 720 3405 περί
740 3309 776 3390 ἧς
794 3314 809 3378 ὁ
826 3318 876 3379 νῦν
894 3314 977 3404 ἀγών
994 3311 1087 3396 ἐστιν,
1108 3311 1216 3376 ὁποίων
1233 3308 1286 3398 μέν
1308 3314 1398 3401 ἔτυχε
1414 3319 1470 3377 τῶν

375 3423 526 3516 πατέρων,
551 3427 602 3491 καί
628 3425 695 3500 οίας
718 3424 822 3512 εἴληχε
845 3432 899 3500 τῆς
920 3426 1103 3513 ἀναγωγῆς,
1122 3423 1174 3486 καὶ
1194 3419 1274 3497 ὅπως
1289 3421 1403 3500 ταύτης
1420 3430 1471 3497 τῆς

376 3532 524 3625 ἐργασίας
553 3539 811 3624 μεταποιήσαιτο,
843 3533 940 3624 λέγειν
971 3532 1025 3598 οὐκ
1049 3536 1135 3621 ,ἔχω’
1164 3530 1239 3609 τέως
1262 3528 1292 3598 δ’
1318 3528 1469 3622 ἡμεδαποὶ

376 3653 430 3720 τῆς
447 3646 561 3724 πόλεως
588 3648 614 3713 οἱ
641 3647 752 3720 ταύτην
776 3647 985 3737 γεννήσαντες.
1010 3625 1192 3731 Ιδμεδαπούς
1217 3639 1246 3709 δ’
1273 3643 1347 3712 ὅταν
1374 3644 1467 3738 λέγω,

411 3907 419 3934 ¹
432 3906 473 3958 Sic
484 3908 563 3958 codex
571 3948 577 3969 ‚
584 3910 688 3974 ἔμελλον.
699 3909 749 3959 Sed
756 3909 800 3958 suit
810 3914 908 3974 ἤμελλον
969 3907 1110 3965 ’Πολιτείας
1120 3913 1219 3974 πατέρες
1227 3917 1284 3957 ενοι
1294 3908 1384 3958 summi
1396 3908 1468 3974 magi·

375 3987 493 4054 scriptum
508 3988 581 4038 modo
595 4005 620 4053 p.
636 3991 693 4052 187,
708 3989 749 4038 29.
761 3988 805 4038 Est
816 3989 909 4053 ἔμελλον
936 3997 1039 4046 stratus,
1053 3986 1213 4051 legislatores,

376 4083 402 4132 p.
421 4069 465 4127 12,
485 4070 508 4116 “ί.
527 4067 613 4118 Statim
633 4068 680 4117 erit
694 4068 815 4125 ἠδύναντο.
837 4067 909 4118 Edidi
970 4065 1074 4116 ³C0dex
1085 4066 1304 4127 ἂπαυθαδιάζεσθαι
1312 4065 1396 4130 prius,
1408 4080 1470 4116 nunc

376 4161 406 4193 ex
419 4146 506 4197 codice
517 4150 625 4205 ἠέούλετο
637 4163 663 4212 p.
682 4149 742 4206 105,
756 4150 779 4196 ’1.
790 4147 840 4197 Sed
852 4147 909 4198 alibi
937 4146 1154 4206 ἀπαυθαδίζεεθαι,
1172 4146 1241 4193 era'so
1256 4159 1279 4193 ει.
1302 4144 1346 4192 Est
1363 4146 1469 4196 ἀπαυθα·

376 4233 531 4286 augmentum
542 4225 588 4274 erit
598 4224 750 4291 syllabicum.
762 4227 802 4277 Sic
812 4226 911 4277 fluctuat
939 4226 993 4291 δέξῃ
1007 4241 1034 4290 p.
1050 4226 1106 4284 147,
1115 4227 1140 4273 3.

376 4300 523 4362 passimhon
534 4303 579 4353 sibi
588 4304 826 4355 constanslibrarius.
834 4304 909 4366 Quem
971 4300 1063 4362 ⁸Cod.‚
1074 4304 1133 4367 ἔχει.
1150 4300 1241 4364 Scripsi
1258 4300 1302 4370 ἔχῃ
1314 4299 1349 4353 ob
1359 4300 1467 4367 syntaxin

377 4385 457 4424 tamen
467 4394 520 4428 sum
532 4390 630 4430 secutus
639 4418 645 4441 ‚
654 4398 728 4446 quum
738 4397 787 4432 non
795 4381 908 4432 haberem
937 4380 1045 4447 quidem,
1059 4381 1104 4432 εεδ
1114 4381 1132 4451 ᾖ
1140 4378 1205 4446 quod
1217 4378 1335 4443 praecedit
1346 4395 1387 4431 me
1397 4379 1467 4432 movit

376 4453 417 4518 qui
429 4457 579 4505 conferretur
590 4457 663 4506 alium
674 4457 793 4509 codicem.
937 4459 1085 4523 ρτεεοοιιίιη,
1100 4471 1125 4508 ιιι
1143 4459 1166 4508 in
1181 4458 1222 4508 tali
1237 4468 1348 4509 auctore.
