3684 5659
422 601 446 669 ἐκ
760 605 795 663 Γ.
823 602 897 663 ΤΟΥ
922 602 1177 664 ΠΑΧΥΜΕΡΟΥΣ

422 762 472 803 τον
490 736 595 812 αὐτῆς.
615 736 674 800 Καὶ
692 740 779 802 τοῦτο
797 733 855 822 οὐχ
872 732 952 821 ὑμᾶς
968 732 1141 825 ὑποτρέχων
1158 732 1258 824 λέγω,
1280 733 1359 798 ἀλλὰ
1380 733 1414 798 τὸ
1434 733 1514 806 ἀλη-

423 849 471 925 θές
480 895 490 928 ,
507 850 559 913 καί
574 847 595 912 δι
609 841 734 911 σύνοιδα
748 843 870 931 ἐμαυτῷ
885 844 952 908 τότε
966 839 1193 929 διανοούμενος,
1208 848 1306 908 ταῦτα
1322 845 1374 908 καί
1391 849 1460 930 νῦν,
1476 845 1518 920 ὡς

424 954 487 1025 οἷόν
503 984 554 1042 τε,
571 965 723 1049 παριστῶ.

472 1068 620 1163 Εύρισκον
637 1071 696 1160 γὰρ
713 1065 915 1153 σκοπούμενος
932 1066 987 1140 τόις
1004 1062 1057 1152 μὲν
1074 1063 1177 1157 ἐτέρας
1195 1065 1368 1152 πολιτείας,
1387 1069 1515 1160 ἀριστο-

424 1184 551 1274 κρατίαν
566 1179 618 1269 μὲν
632 1179 665 1244 ἐκ
683 1177 790 1268 μέρους
807 1179 940 1265 ἔχουσαν
957 1176 991 1240 τὸ
1005 1175 1171 1266 ὠφέλιμον,
1187 1178 1239 1242 καί
1255 1172 1301 1253 οἷς
1314 1176 1367 1265 μὲν
1383 1180 1425 1266 μὴ
1445 1189 1517 1267 μιᾶς

424 1294 544 1384 γνώμης
561 1287 672 1381 ἐξαρτᾴ
694 1291 733 1353 τὰ
756 1290 843 1353 κοινὰ
866 1283 994 1362 δικαίως
1011 1286 1241 1374 ἐπαινουμένην,
1262 1283 1306 1364 οἷς
1323 1285 1353 1353 δ’
1373 1276 1463 1366 αὖθίς
1481 1290 1516 1355 ού

424 1407 540 1479 πάντας
557 1407 621 1491 ἔχει
634 1401 703 1477 τοὺς
718 1396 894 1475 συνειδότας
911 1399 957 1492 ἐφ)
971 1394 1017 1475 οἷς
1034 1400 1060 1464 οἱ
1079 1406 1197 1491 ἄριστοι
1215 1403 1410 1493 πράττουσιν,
1425 1403 1466 1478 ὡς
1479 1403 1517 1471 ἂν

424 1516 457 1580 τό
475 1515 572 1579 κοινόν
590 1514 642 1577 καὶ
660 1513 757 1577 κοινὸν
774 1517 819 1582 εἴη
837 1519 905 1585 ταῖς
922 1511 1097 1596 ἀληθείαις,
1119 1510 1285 1602 ψεγομένην
1300 1513 1341 1588 ὡς
1358 1515 1391 1578 τὸ
1408 1515 1513 1607 είκός·

425 1627 594 1717 μοναρχίαν
607 1619 641 1688 δέ
658 1619 774 1710 μηδένα
787 1631 849 1696 τοῖς
865 1621 996 1697 ἐπαίνοις
1012 1623 1103 1686 τόπον
1117 1622 1328 1714 παρέχουσαν,
1350 1623 1417 1688 ἀλλ’
1434 1625 1517 1689 ε’ίπαυ

424 1736 594 1801 τούναντίον
610 1734 683 1825 πρὸς
695 1734 728 1799 τὸ
742 1729 860 1798 δίκαιον
874 1735 1019 1821 ἔχουσαν.
1034 1737 1103 1808 Πῶς
1118 1734 1178 1824 γὰρ
1195 1734 1233 1797 ἂν
1245 1735 1280 1798 τὸ
1298 1734 1396 1799 κοινόν
1414 1730 1519 1805 διατη·

424 1835 526 1938 ρηθείη
546 1842 665 1911 δίκαιον
681 1844 784 1928 πόλει,
807 1838 843 1919 ἧς
865 1846 921 1929 μία
938 1845 1042 1933 γνώμη
1062 1845 1121 1916 καί,
1136 1843 1234 1934 ψῆφος
1250 1851 1359 1937 ἄρχει,
1380 1847 1433 1910 καί
1454 1845 1518 1921 ἑνός

424 1980 503 2031 τινος
521 1954 635 2041 Θέλημα
656 1963 759 2020 πᾶσαν
782 1960 851 2045 ἄγει
870 1954 910 2028 ὡς
927 1952 1038 2028 ἐκεῖνος
1055 1950 1218 2045 βούλεται,
1240 1961 1298 2019 κᾶν
1317 1980 1363 2033 τις
1381 1955 1517 2045 τολμήσῃ

425 2069 478 2132 καί
506 2066 605 2131 λαθὼν
628 2061 748 2157 γρύξῃέ,
770 2065 805 2129 τὸ
830 2063 975 2152 ἐπιτίμιον
1001 2061 1161 2143 θάνατος’;
1182 2067 1212 2129 τί
1233 2061 1267 2131 δέ
1292 2068 1344 2131 καί
1368 2069 1518 2158 χρήσιμον

426 2176 521 2265 τούτῳ
546 2176 623 2242 ἐπίοι
644 2178 718 2269 πρὸς
739 2176 791 2246 τὴν
812 2181 865 2240 τοῦ
888 2180 989 2240 κοινοῦ
1012 2174 1211 2260 λυσιτέλειαν,
1238 2175 1280 2241 ἑνί
1301 2201 1337 2268 γε
1360 2182 1442 2251 ὄντι,
1464 2179 1518 2243 καί

426 2283 503 2376 μηδὲ
525 2293 612 2352 τούτο
632 2283 725 2352 εἰδότι
744 2285 788 2354 ότι
806 2288 857 2352 καί
877 2285 963 2379 φύσις
981 2285 1057 2357 αὐτὴ
1075 2288 1143 2374 ζώῳ
1166 2289 1253 2352 παντί
1278 2284 1445 2353 συνεδύασε
1463 2290 1519 2363 τὰς

427 2402 602 2485 αἰσθήσεις,
622 2400 662 2474 ὡς
680 2404 840 2487 πανταχοῦ
857 2397 1057 2485 κακιζομένου
1074 2402 1128 2487 τοῦ
1152 2398 1264 2488 μόνου;
1282 2399 1340 2464 κόιυ
1359 2400 1452 2464 καλόν
1468 2396 1520 2465 τιθ

427 2507 519 2601 δόξῃ,
537 2513 552 2577 ὁ
570 2510 725 2603 ἐπικρίνων
746 2508 866 2588 οὐδείς·
889 2511 947 2577 κᾶν
968 2510 1109 2598 ἔμπαλιν,
1130 2506 1185 2575 οὐκ
1201 2514 1287 2576 ἐσται
1305 2511 1320 2576 ὁ
1337 2507 1518 2603 διορθούμε-

426 2639 498 2698 νος·
522 2625 547 2686 εί
570 2618 603 2687 δέ
626 2624 678 2689 καὶ
702 2624 799 2697 ποίθος
822 2617 1046 2708 μεσολαὸήσει”
1066 2621 1168 2709 ψυχῆς
1192 2623 1244 2686 καὶ
1269 2617 1363 2713 όρεξις
1385 2621 1517 2713 ἄλογος,

426 2743 511 2808 ποῖος
528 2731 697 2819 σύμόουλος
713 2730 842 2795 κωλύσει
857 2731 891 2793 τό
911 2727 1073 2819 βλαέερόν,
1090 2733 1231 2821 ἁποίντων
1244 2741 1297 2807 τῆς
1312 2732 1423 2802 ἐκείνου
1441 2733 1522 2822 γνώ-

427 2868 484 2929 μης
498 2838 718 2933 έξαρτωμένων,
735 2841 775 2914 ὡς
788 2840 885 2926 μόνως
898 2837 951 2925 μέν
963 2840 1235 2926 οἰκειωθησομένου
1253 2840 1383 2906 ἐκοίστου
1398 2854 1441 2930 τῷ
1457 2851 1520 2935 οίρ-

427 2977 511 3042 χοντι
529 2951 562 3017 ἐκ
579 2957 631 3016 τού
651 2953 684 3016 τὸ
706 2946 797 3026 δόξαν
815 2948 916 3036 ἐκείνῳ
938 2949 978 3023 ὡς
999 2947 1101 3024 καλῶς
1122 2952 1192 3039 ἔχον
1209 2952 1262 3015 καί
1280 2946 1372 3027 δόξαν
1389 2955 1522 3044 ἀρίστως

427 3062 569 3146 ἐπαινεῖν,
593 3063 689 3148 μόνως
708 3057 741 3124 δὲ
758 3059 848 3125 πάλιν
865 3058 1179 3151 αλλοτριωθησομένου
1193 3059 1227 3125 ἐκ
1243 3066 1296 3126 τοῦ
1309 3059 1428 3138 ποσώς“
1444 3067 1521 3128 ἀντ-

428 3181 536 3252 ειπεῖν,
562 3173 608 3236 Τὰ
635 3167 669 3235 δέ
695 3169 765 3235 καθ’
784 3168 914 3241 ἑκάστην
939 3168 976 3234 ἐν’
993 3173 1175 3262 μοναρχίαις
1201 3174 1392 3265 πραττόμενα
1416 3176 1522 3268 καιρόν

427 3278 505 3349 ἰ’διον
520 3283 638 3360 ἐκζητεί
652 3280 858 3374 ἐξαγγέλλειν,
873 3284 925 3347 καί
940 3281 1032 3347 πλείω
1049 3281 1069 3353 ύι
1086 3283 1137 3347 τὸν
1152 3282 1182 3348 ἐν
1195 3292 1239 3372 τῷ
1253 3283 1314 3372 ἐμῷ
1328 3279 1449 3350 ύδατιί.
1466 3292 1522 3358 Δη-

463 3565 470 3591 ¹
484 3564 546 3616 Olim
560 3581 735 3631 proposueram
745 3570 845 3634 γρύξαι,
858 3564 924 3631 quod
936 3576 962 3615 et
987 3565 1044 3616 Vll:
1054 3565 1519 3636 ποσῶςπαρεύάθηνόμος.Βυοίυω.ΧΙΙε

430 3643 509 3693 adhue
521 3660 604 3693 verum
616 3643 721 3705 videtur,
733 3645 772 3694 vel
784 3653 842 3710 post
857 3648 962 3712 τολμήσῃ
989 3645 1036 3694 ἔδει
1047 3655 1123 3702 ποσῶς
1139 3650 1274 3709 ἡσυχάζειν.
1292 3644 1430 3695 Alexander
1443 3645 1520 3710 Aphr.

429 3721 521 3771 excidit
542 3722 669 3783 nonnihil,
694 3726 799 3793 τολμήσῃ
824 3743 849 3773 τι
873 3726 960 3785 λέγειν,
988 3722 1062 3772 Probi
1090 3725 1142 3782 ί,9
1161 3742 1168 3771 2
1187 3724 1244 3773 ἔνιοι
1259 3733 1306 3773 τῶν
1320 3723 1433 3787 εὐνούχων
1447 3733 1523 3781 ποσῶς

429 3799 496 3849 verbi
516 3814 599 3849 causa.
624 3800 655 3849 Et
671 3800 704 3850 ibi
726 3805 822 3870 γρύζειν,
834 3800 961 3851 illustravi.
989 3803 1130 3871 ἀφροδισίων
1154 3803 1286 3870 ὀρέγονται.
1306 3800 1405 3848 Memini
1427 3799 1521 3851 Libanii

429 3878 499 3929 Philo
518 3877 572 3928 vita
590 3878 729 3943 Contempl.
746 3878 762 3944 ς
784 3881 812 3929 10
829 3899 834 3928 :
854 3884 884 3936 ὡς
902 3881 962 3943 μηδὲ
989 3882 1028 3929 cui
1046 3885 1117 3931 πόσον
1130 3889 1204 3930 nocet
1221 3889 1240 3928 t.
1257 3877 1300 3936 lv,
1313 3893 1340 3942 p.
1357 3879 1405 3926 628
1416 3897 1423 3926 ι
1435 3879 1461 3928 οὗ
1475 3885 1522 3947 γὰρ

430 3961 513 4027 γρύξαι
521 3964 574 4008 τινὰ
582 3961 680 4024 τολμᾷν.
688 3956 781 4022 Videp.
792 3959 831 4017 19,
841 3960 929 4019 10;23,
939 3962 961 4009 1.
989 3961 1082 4028 ἀπέχρη
1094 3968 1157 4010 πιεῖν
1174 3961 1207 4016 εἰς
1219 3962 1295 4024 κόρον,
1308 3959 1359 4007 ἀλλ’
1371 3958 1418 4013 ἤδη
1429 3958 1523 4009 ἔσπενδε

463 4035 520 4086 ‘De
542 4036 644 4087 formula
660 4043 687 4086 τὸ
708 4039 828 4101 ἐπιτίμιον
849 4042 962 4100 θάνατος,
989 4047 1029 4090 τὸν
1045 4040 1100 4103 ἐμὸν
1116 4039 1235 4095 σκεδαννὺς
1252 4041 1331 4087 πόσον.
1353 4034 1437 4085 Codex
1457 4039 1521 4087 3017

431 4121 528 4174 θάνατος
540 4121 553 4172 ἡ
564 4123 638 4181 ζημία
650 4115 681 4165 ad
691 4116 786 4166 Anecd.
797 4126 816 4165 t.
826 4115 857 4179 V,
866 4133 892 4182 p.
903 4119 961 4168 35⁴.
989 4128 1059 4168 recte
1068 4122 1147 4169 πόνον.
1159 4115 1268 4166 varietas
1281 4114 1341 4166 οἶνον
1354 4116 1474 4166 correctio
1485 4128 1524 4169 est

465 4193 556 4254 ³Cod.‚
567 4199 636 4245 καλόν
645 4215 701 4245 τινι.
990 4205 1104 4261 respectu
1117 4194 1245 4246 sententia
1255 4194 1328 4243 facta.

465 4269 526 4320 *Sic
550 4273 617 4331 θοὰ,
642 4288 691 4323 non
711 4277 873 4344 μισολαὸησῃ,
897 4274 964 4341 quod
1024 4273 1102 4323 ⁰Mox
1125 4290 1151 4338 p.
1174 4275 1188 4321 8
1210 4292 1217 4321 2
1239 4276 1325 4337 λεγέτω
1358 4275 1381 4323 ἐν
1408 4283 1442 4342 τῷ
1474 4277 1523 4341 ἐμῷ

433 4347 490 4397 olim
503 4349 600 4412 scripsi.
991 4354 1067 4417 τούτῳ
1079 4348 1158 4402 ὕδατι·
1175 4371 1187 4395 α
1203 4368 1259 4402 mea
1275 4368 1337 4419 aqua
1352 4352 1411 4402 licet
1425 4351 1457 4401 ad
1475 4353 1523 4403 hoc

468 4425 610 4476 '‘Adverhio
625 4438 699 4486 ποσῶς
718 4439 798 4480 utetur
815 4440 839 4481 et
852 4430 962 4481 Declam.
992 4439 1082 4485 utatur,
1098 4449 1109 4473 ι
1124 4429 1204 4480 verbis
1217 4430 1304 4496 Apulei
1317 4432 1399 4497 Apok,
1414 4432 1455 4482 uhi
1470 4431 1524 4483 Ρεί-
