3684 5659
764 648 921 709 MEAE'ffl
948 637 991 710 κ’.
1362 638 1424 711 131

334 804 405 847 στον
432 789 612 873 συγκροτεῖν
630 780 665 845 τό
689 780 850 872 συμφέρον,
880 781 930 846 τὸν
956 780 1009 869 μὲν
1036 779 1295 870 συμὲονλεύοντα,
1322 782 1371 845 τὸν
1397 777 1430 846 δὲ

335 892 579 984 συνειςφέροντα,
594 890 686 957 άλλον
702 891 909 979 πολεμοῦντα,
926 892 1016 959 ἄλλον
1031 891 1214 984 θαρρύνοντα
1227 894 1280 957 καί
1295 893 1345 958 τὸν
1359 917 1434 984 προ·

334 1003 519 1094 θυμούμενον
536 998 774 1091 ἀποδεχόμενον,
796 1005 848 1068 καί
867 1004 959 1070 ἄλλον
978 1003 1030 1092 μὲν
1052 1001 1186 1089 ἐξιόντα,
1205 1002 1296 1069 ἄλλον
1319 999 1353 1068 δὲ
1373 1002 1432 1091 μέ-

333 1102 424 1183 νοντα
438 1111 537 1201 ἔνδον,
552 1110 640 1180 οὐδὲν
655 1108 743 1187 ἧττον
757 1113 934 1207 ἐνεργοῦντα
947 1119 986 1181 τὰ
1001 1120 1043 1192 εἰς
1060 1115 1216 1208 ὠφέλειαν.
1260 1167 1263 1175 .

382 1226 486 1293 Καλόν
502 1226 536 1291 ἐκ
552 1227 644 1314 μόνης
656 1222 792 1318 πράξεως
806 1227 856 1292 τὸν
872 1223 952 1303 ξένον
962 1229 1211 1320 χαρακτηρίζειν,
1227 1231 1252 1293 εἰ
1265 1223 1380 1303 δυςνοεῖ
1394 1236 1431 1319 τῇ

332 1336 439 1420 πόλει,
453 1340 479 1403 εἰ
492 1335 563 1413 τοὺς
574 1335 701 1413 πολίτας
716 1332 914 1428 προδίδωσιν,
929 1343 953 1404 εί
968 1347 1157 1404 κατασκοπεί
1171 1348 1287 1428 τεῖχος,
1304 1341 1329 1403 εἰ
1343 1334 1433 1429 ἐξαγ·

333 1448 435 1541 γέλλει
452 1449 624 1540 ἀπόρρητα·
645 1452 744 1513 ταῦτα
759 1450 819 1539 γάρ
833 1445 921 1525 ξένων
935 1446 1016 1515 ἴδια.
1032 1453 1069 1514 Εἰ
1085 1445 1120 1515 δέ
1128 1474 1161 1542 γε
1176 1451 1433 1540 συμπράττειτοῖς

333 1556 420 1625 ίνδον
439 1559 492 1625 καί
511 1555 630 1643 ἐννοεῖ’,
648 1560 699 1624 καί
718 1560 933 1648 συμμάχεται,
949 1562 1001 1627 καί
1020 1570 1175 1652 συνεργεῖ,
1195 1562 1247 1626 καὶ
1269 1562 1432 1652 συγχαίρει

333 1677 456 1755 νικῶσι,
470 1670 523 1734 καὶ
542 1663 628 1735 οὐδὲν
646 1668 663 1735 ὅ
678 1692 707 1733 τι
721 1670 773 1733 καί
788 1668 830 1756 μὴ
847 1671 978 1734 συνοίσει
994 1672 1136 1761 πράττει,
1158 1670 1192 1735 ού
1211 1667 1290 1747 ξένος
1307 1670 1430 1748 ἐκεῖνος,

334 1779 417 1845 ἀλλά
429 1788 489 1845 τῶν
497 1779 627 1845 πολιτῶν
636 1780 677 1845 τὰ
686 1779 834 1868 μάλιστα.
848 1759 947 1872 (δγόιρ
960 1782 1069 1873 τρόπος
1083 1779 1193 1846 ἐκεῖνον
1203 1781 1270 1870 μέν,
1281 1784 1334 1847 καί
1345 1782 1432 1848 πολί-

333 1914 388 1964 την
400 1896 493 1976 ὄντα,
514 1887 596 1968 ξένον
611 1893 712 1964 τίθησι
729 1893 780 1956 καί
807 1900 866 1957 τῶν
887 1888 978 1969 ξένων
993 1893 1230 1979 πολεμιώτατον·
1251 1898 1355 1959 τοῦτον
1378 1889 1429 1978 δέ,

333 2004 387 2067 καί
408 1999 491 2079 ξένον
506 2007 599 2085 ὄντα,
618 2002 742 2073 πολίτην
759 2003 810 2067 καὶ
829 2002 958 2069 πολιτῶν
975 2002 1135 2096 ἐργάζεται
1152 2005 1203 2070 τὸν
1220 2003 1431 2071 εὐνούστατον.

384 2112 486 2178 Καλόν
503 2113 545 2200 μὴ
567 2108 686 2178 διδόναι
711 2114 815 2204 χώραν
841 2123 904 2190 τοῖς
929 2118 1131 2201 συκοφάνταις
1154 2111 1309 2208 παρόδου,
1328 2122 1364 2188 ἤν
1386 2140 1432 2192 τις

334 2222 511 2315 ἀριστεύει,
529 2224 583 2289 καί
601 2223 707 2315 φθόνος
725 2222 742 2287 ὁ
759 2232 822 2297 τοῖς
834 2223 940 2299 καλοῖς
957 2219 1121 2317 ἐφεδρεύων
1138 2221 1168 2301 ἐξ
1184 2227 1320 2317 ἀνάγκης
1334 2224 1433 2317 ’έρποά

333 2334 409 2427 πρός
436 2333 563 2416 ἐκεῖνον,
590 2334 643 2398 καὶ
668 2333 763 2398 κακὸν
791 2332 825 2397 τὸ
847 2332 941 2397 καλὸν
965 2336 1080 2405 ποιοίη·
1092 2337 1144 2400 καὶ
1172 2338 1370 2467 συνταράττοι
1392 2339 1433 2401 τά

334 2448 519 2539 πράγματα.
538 2440 632 2510 Πότε’
644 2446 703 2537 γάρ
687 2443 817 2537 ρλείψει
834 2467 857 2508 π
856 2444 1034 2536 ρόφασιςφθ
1037 2450 1149 2508 ονοῡντι
1145 2443 1371 2532 ’τινι;ομενί
1371 2471 1432 2522 σως

335 2552 543 2623 διαύάλλει
515 2581 549 2622 το
566 2554 715 2664 πραχδεν
719 2583 771 2621 και
762 2555 909 2621 ⁸⁸iodim
900 2580 932 2620 ον
947 2554 1001 2620 ούκ
1015 2551 1243 2632 άποδέξεται·“
1230 2581 1246 2620 ο
1263 2551 1297 2621 δε
1314 2553 1432 2623 ἀποδέ-

335 2662 469 2744 ξεται’
436 2667 642 2761 μενπροιχθέν
661 2690 678 2725 t<
695 2644 768 2732 Εδει
787 2662 817 2731 δ’
831 2666 932 2743 άλλως
946 2691 961 2724 ν
979 2673 1055 2731 εἴποι
1070 2667 1257 2759 «γενεσθαι
1274 2669 1327 2733 καί
1342 2673 1431 2734 τοῦτο

335 2772 521 2871 διάφορονιι·
544 2778 560 2842 ό
577 2778 631 2866 μέν
647 2754 747 2843 «Eia
761 2780 899 2843 κοινουσθ
902 2804 935 2843 αι
952 2787 1015 2855 τοῖς
1031 2774 1232 2888 ταξιάρχαις,
1251 2787 1315 2856 τοῖς
1329 2779 1429 2867 λοχα-

334 2897 480 2981 γοῖς,τῷ
492 2914 546 2965 της
560 2889 675 2965 πόλεως
687 2909 892 3002 στρατηγων
911 2884 992 2955 ὁδέ·
1013 2867 1114 2955 «Εδει
1125 2886 1240 2966 εξιοντοι
1253 2892 1429 2980 μάχεσθαι,

318 2984 322 2989 ⁸
335 3000 438 3066 καί
401 3026 445 3089 μη
455 3002 517 3065 άπο
505 3001 649 3090 τείχους
660 3020 688 3056 ι’)
703 3025 718 3065 ο
707 2996 779 3066 δέ·
797 3024 813 3059 «
825 2981 929 3093 Ιίχρῆν
943 3027 984 3089 μη
972 2998 1111 3078 ι”ξένον
1095 3026 1166 3067 οντα
1182 2998 1235 3067 εἶτ’
1250 3002 1428 3094 ἀριστεύειν,

334 3112 405 3179 ἀλλ’
419 3110 564 3206 αύθιγευή
581 3138 634 3179 και
625 3111 817 3195 πολύπουν·
839 3111 931 3189 ἄλλος
949 3113 1044 3198 ἄλλο,
1063 3139 1116 3178 και
1107 3112 1227 3189 ’ἄλλος
1243 3113 1337 3199 άλλο,
1355 3116 1430 3178 πάν·

334 3248 384 3301 τες
400 3218 432 3288 δ
448 3221 527 3314 έφ’“
514 3224 555 3288 ενὶ
575 3230 697 3311 σκοπῶ,
717 3223 812 3288 ίνα“
783 3247 835 3294 την
851 3248 914 3315 πρα
893 3228 961 3300 ᾶζιν
978 3226 1146 3289 κακίσωσι.

383 3337 422 3401 Τί
435 3334 608 3469 λέγεις;’
578 3360 614 3400 ου
633 3331 710 3425 δέχῃ
734 3335 828 3401 καλὸν
852 3341 997 3401 ποιοῦντα
1023 3336 1073 3400 τὸν
1098 3332 1198 3413 ξένους
1218 3335 1284 3401 ἀλλ’
1302 3337 1430 3413 ἡπόλις

335 3446 418 3513 θέλει
434 3448 488 3513 καί
511 3441 650 3537 δέχεται.
676 3449 820 3523 Κακίζεις
843 3447 896 3518 την
918 3448 1088 3540 ἀριστείαν,
1110 3473 1162 3512 κοιι
1153 3449 1241 3509 '«A
1243 3446 1319 3522 λλως
1339 3442 1400 3511 ἔδει
1413 3471 1429 3505 ι)

334 3556 433 3651 λέγεις
449 3558 662 3650 «γενεσθαι
627 3582 661 3617 »
653 3557 747 3623 ·οἰλλ’
757 3554 884 3645 οδημος
895 3556 1000 3635 Ιι’σως
987 3567 1060 3650 ερεῖ·
1077 3556 1150 3622 «oi
1166 3556 1243 3651 φέρω
1256 3581 1308 3628 την
1320 3551 1426 3645 ητταν,

333 3666 394 3733 κᾶν
418 3669 505 3759 παρά
529 3666 652 3733 πολίτου
674 3666 850 3755 συμόαίη’
830 3671 1124 3760 απροςεκτήσαντος.
1153 3649 1205 3734 Ᾰεί
1230 3669 1352 3757 νικῴην,
1375 3670 1427 3733 καὶ

333 3772 417 3855 ξένος
433 3778 544 3843 ίστω
530 3802 546 3844 ο
559 3802 753 3872 συνεργων
725 3802 753 3840 ν.

369 4011 504 4063 ‘Fortasse
509 4048 519 4073 ,
531 4012 616 4074 εὐνοεῖ,
630 4013 669 4065 vol
685 4025 781 4067 συννοεῖ.
897 4016 940 4067 bat
953 4017 1099 4082 Simplicius.
1114 4017 1251 4068 Sententias
1269 4016 1361 4067 similes
1374 4016 1430 4067 col-

368 4088 531 4142 Ἰειηίοίιιε
554 4092 661 4154 videtur,
687 4094 728 4145 hic
758 4106 784 4146 ει
809 4094 871 4146 infra
897 4096 973 4145 lectas
993 4097 1102 4160 reperire
1126 4106 1163 4145 est
1184 4095 1248 4159 apud
1267 4096 1382 4146 Allatium
1398 4097 1430 4146 ad

334 4168 402 4221 θεοί.
421 4168 637 4237 v111,sophoeiei
650 4189 735 4224 versus
750 4174 788 4239 Aj.
806 4176 868 4224 157:
897 4174 1032 4223 Socraticas
1052 4172 1128 4238 Epist.
1149 4189 1175 4238 p.
1196 4175 1257 4231 156;
1275 4173 1380 4224 ionium
1399 4176 1430 4225 ad
1520 4170 1523 4176 ’

333 4257 392 4319 πρὸς
403 4255 452 4319 γὰρ
462 4257 504 4300 τὸν
517 4250 613 4315 ίχοιθ’ὁ
627 4256 705 4321 φθόνος
718 4253 793 4322 ἕρπει.
804 4252 870 4303 Sim·
896 4253 1030 4302 Lucianum
1042 4250 1073 4299 de
1089 4250 1142 4300 Cal.
1158 4266 1181 4301 c.
1201 4253 1244 4311 12;
1259 4250 1430 4305 Ruhnkeniuni

333 4328 422 4391 plinius
438 4330 464 4377 in
485 4328 566 4394 Epict.
586 4344 609 4380 ε.
627 4332 674 4392 26,
693 4347 720 4395 p.
737 4334 784 4380 2¹3
797 4352 803 4381 :
814 4339 871 4400 πρὸς
897 4329 1142 4393 adveu.1³itere.1,
1155 4332 1185 4391 9;
1196 4331 1302 4382 Erfurdt.
1312 4332 1342 4383 ad
1352 4332 1429 4402 Soph.

332 4413 381 4477 γάρ
391 4414 433 4458 τὸν
444 4402 471 4458 τύ
481 4408 568 4473 ἔχοντα
573 4444 582 4468 ,
595 4412 609 4467 ἦ
621 4410 733 4460 δοκοῦντα
745 4405 769 4459 εύ
780 4411 843 4475 ἔχειν
857 4413 869 4461 ὁ
896 4410 988 4460 locuni.

333 4486 490 4556 φύόνσςίρπει
514 4484 545 4536 Et
556 4485 587 4537 ad
599 4486 747 4552 Sophoclem
755 4487 871 4554 respicie·
930 4487 1046 4540 'Schola
1058 4494 1188 4557 μετάληψις
1201 4497 1228 4543 τὸ
1238 4492 1348 4544 ἐντεῦθεν,
