3684 5659
441 607 514 681 126
782 616 817 674 Γ.
844 615 919 675 ΤΟΥ
943 610 1199 675 ΠΑΧΥΜΕΡΟΥΣ

438 751 707 844 παρατάττεσθαι,
732 751 888 837 μάχεσθαι
906 765 941 804 ν·
968 748 1002 814 ού
1025 751 1085 841 γὰρ
1109 743 1145 819 ἦν
1168 753 1267 813 ταῦτα
1291 743 1363 834 ξένῳ
1382 770 1435 834 μοι
1455 751 1536 831 ὄντι,

438 863 491 926 καί
509 856 603 948 μηδὲν
618 863 717 949 ἔχοντι
734 868 798 934 τοῖς
814 857 953 934 πολίταις
970 861 1221 950 συναριθμεῖσθαι
1234 858 1287 924 καί
1302 855 1360 923 ὑπὸ
1373 848 1426 923 τὸν
1441 880 1540 949 στρα·

438 973 528 1063 τηγὸν
544 973 594 1036 τὸν
611 980 665 1047 τῆς
680 970 794 1045 πόλεως
810 971 988 1035 τάττεσθαι.

488 1084 524 1146 Τί
540 1077 571 1147 δ’
588 1085 613 1147 εί
631 1084 683 1147 καὶ
702 1083 792 1169 νόμος
808 1075 844 1152 ἦν
861 1080 953 1156 ἀλλος
977 1089 1015 1170 τῇ
1036 1079 1120 1146 πόλει
1141 1082 1293 1168 κείμενος,
1318 1080 1371 1147 καί
1394 1081 1539 1171 κρείττων

438 1183 582 1277 ἢούτος,
609 1194 661 1258 καί
685 1193 770 1283 παρά
794 1191 962 1282 κρείττονος
983 1184 1135 1274 ἐκδοθείς,
1160 1191 1300 1267 κάκεῖνος
1322 1189 1434 1256 ἐκώλυε
1456 1185 1489 1265 ξ’

438 1313 503 1380 τοῖς
524 1305 661 1378 πολίταις
683 1303 1014 1393 συμπαρατάττεσθαι,
1037 1301 1082 1376 τίς
1102 1299 1156 1366 ούκ
1179 1301 1216 1365 ἀν
1236 1299 1434 1366 έλιθολεύστει
1454 1301 1537 1365 ἀπο-

440 1409 578 1492 διώκωνς
601 1416 647 1490 τίς
669 1413 724 1480 οὐκ
745 1414 783 1479 ἀν
801 1415 897 1504 ἀπέφε
914 1412 989 1504 πρὸς
1005 1407 1156 1488 δικαστὰς
1172 1412 1225 1483 τὴν
1241 1413 1359 1502 ἆρχήνς
1378 1413 1415 1477 Εἰ
1432 1405 1468 1475 δέ
1483 1414 1536 1477 καί

440 1523 541 1589 λαθὼν
557 1525 743 1614 ἠρίστευσα,
763 1518 814 1615 ἀρ’
831 1523 868 1587 ἀν
885 1523 937 1588 καί
960 1523 1028 1587 τότε
1047 1523 1100 1593 τὴν
1117 1523 1303 1613 κατηγορίαν
1320 1517 1479 1612 έξέφυγονς
1499 1523 1537 1587 Ei

441 1637 501 1725 γάρ
519 1636 560 1722 μή
580 1633 618 1701 ον’
637 1634 669 1726 γ’
687 1634 778 1710 αὐτὸς
798 1628 835 1709 ἧς
854 1633 891 1698 ἀν
916 1634 932 1698 ὁ
955 1628 1088 1717 διώκων,
1108 1631 1176 1699 ἀλλ’
1193 1631 1285 1708 ἀλλος
1299 1638 1392 1717 ἴσως,
1411 1631 1466 1705 τήν
1481 1632 1539 1705 τὴν

440 1747 614 1838 προαίρεσιν
631 1749 723 1836 ἔχων,
742 1746 793 1810 καί
812 1740 911 1810 δοκεῖν
935 1743 1026 1810 θέλων
1048 1744 1188 1836 ἀσφαλὴς
1206 1745 1273 1836 περὶ
1292 1744 1346 1815 τὴν
1363 1752 1424 1809 τῶν
1439 1745 1539 1833 νόμων

441 1851 618 1946 πρόςταξιν,
643 1858 695 1922 καί
721 1851 812 1933 δόξαν
834 1858 1004 1946 θηρᾶσθαι,
1029 1854 1146 1921 τοιαῦτ’
1165 1856 1202 1921 ἀν
1218 1857 1358 1930 κάκεῖνος
1373 1853 1446 1927 κατ’
1464 1853 1538 1945 ἐμοῦ

441 1967 594 2056 προύτεινε
610 1967 695 2050 τότε,
713 1960 766 2032 οἷα
784 1965 821 2030 σὺ
836 1972 902 2031 νῦν.

492 2081 561 2152 Πῶς
583 2079 680 2142 τοίνυν
705 2077 824 2154 ἀλλως;
850 2077 936 2170 λέγε,
963 2079 1015 2143 καί
1043 2075 1194 2168 δέχομαι·
1220 2072 1341 2145 διδόναι
1364 2079 1536 2170 χρήματας

443 2184 511 2250 ἀλλ’
525 2184 580 2251 οὐκ
596 2182 697 2275 εἶχον·
717 2186 948 2276 συμθουλεύεινς
966 2191 1019 2254 καί
1032 2191 1079 2266 τίς
1092 2191 1129 2255 ἂν
1144 2191 1186 2266 ὡς
1198 2185 1282 2265 ξένου
1295 2188 1348 2260 τὴν
1363 2186 1538 2276 σνμΕονλίν

443 2297 503 2386 οὐχ
520 2296 715 2379 ύπώπτευσες
741 2301 814 2384 καί,
840 2303 865 2365 εί
884 2297 1054 2392 πράξαντος
1075 2300 1110 2366 ού
1135 2296 1213 2390 δέχῃ
1233 2300 1287 2372 τήν
1312 2301 1472 2392 ἀριστείαν
1496 2300 1539 2377 ὥς

443 2404 544 2494 ξένον,
573 2409 674 2498 πολλῷ
702 2409 790 2477 πλέον
819 2411 911 2488 ἀλλος
940 2436 985 2488 τις
1009 2409 1127 2477 ἀκούων
1150 2411 1288 2503 λέγοντος
1313 2408 1534 2503 ἀπεστρέφετο·

442 2519 512 2587 ἀλλ’
534 2523 701 2611 ἡσυχάζειν
723 2530 800 2588 οἴκοι
822 2525 875 2589 καί
900 2518 994 2611 μηδὲν
1016 2521 1294 2615 πολυπραγμονεῖν;
1321 2521 1415 2589 καλὸν
1438 2521 1475 2587 ἀν
1499 2528 1538 2611 τῇ

441 2631 527 2697 πόλει
552 2638 640 2698 τοῦτο
664 2629 700 2707 ἦν
724 2636 776 2701 καὶ
805 2636 969 2726 σωτήριονς
999 2631 1082 2722 εἶχες
1106 2635 1143 2700 ἀν
1169 2634 1294 2701 ἄλλοθεν
1311 2635 1364 2699 καί
1386 2633 1442 2705 τὴν
1463 2635 1537 2724 ἀρι-

444 2745 565 2822 στείαν;

492 2834 577 2918 Ᾰλλά
590 2854 745 2945 σύγγνωτέ
761 2881 812 2943 μοι
829 2854 1086 2948 ἀναγκαζομένῳ,
1105 2855 1291 2947 παρακαλῶ.
1309 2853 1355 2920 Ού
1371 2857 1447 2946 γάρ,
1466 2853 1538 2933 τοὺς

444 2961 525 3049 ὑμῶν
540 2967 728 3056 στρατιώτας
742 2961 895 3058 διασύρειν
908 2962 1103 3053 βουλόμενος,
1117 2973 1216 3032 ταῦτα
1228 2967 1322 3059 λεγω·
1343 2992 1385 3054 μη
1398 2957 1534 3058 γενοιτοί

444 3070 515 3139 οἶδα
527 3077 586 3167 γάρ
601 3075 711 3151 αύτούς
724 3078 776 3141 καί
794 3072 950 3169 ἀνδρείους
963 3079 1015 3141 καί
1033 3079 1160 3165 ἔμπνους
1178 3081 1220 3153 εἰς
1232 3077 1374 3165 πόλεμον,
1391 3074 1466 3143 οἶδα
1482 3081 1536 3145 καί

443 3186 510 3250 τότε
532 3187 815 3278 παραταττομένους
841 3189 972 3279 ἀρίστως
999 3190 1051 3253 καὶ
1077 3187 1270 3277 μαχομένους
1293 3190 1455 3280 γενναίως,
1481 3191 1535 3256 καί

443 3299 603 3388 τροφίμους
624 3295 726 3374 ἀξίους
743 3298 866 3374 τούτους
882 3297 1024 3375 τοιαύτης
1042 3299 1155 3375 πόλεως
1178 3301 1360 3372 κατενόησα·
1386 3294 1460 3365 οἶδα
1482 3302 1535 3367 καί

443 3408 516 3497 πρὸς
534 3404 671 3497 δαίμονα,
681 3412 837 3498 μάχεσθαι
855 3409 1009 3486 θέλοντας.
1028 3391 1101 3476 ἀλλ’
1119 3409 1173 3475 οὐκ
1189 3406 1225 3482 ἦν
1242 3409 1346 3486 αὐτοῖς
1362 3410 1415 3475 καί
1433 3419 1535 3496 νικᾷν,

444 3513 531 3589 δίκην
554 3517 648 3584 συῶν1
673 3519 862 3607 ἐπικειμένων
885 3528 943 3584 τῶν
966 3519 1129 3608 πολεμίων,
1156 3521 1209 3585 καί
1237 3518 1424 3611 θαρρούντων
1447 3525 1538 3587 τοῦτο
1611 3572 1616 3581 .

444 3626 497 3714 μὲν
510 3638 552 3716 τῷ
565 3630 669 3702 πλήθει
682 3632 733 3696 καί
747 3640 810 3706 τοῖς
826 3632 1021 3719 συμμάχοις,
1041 3626 1175 3696 τοῦτοδὲ
1188 3631 1224 3697 ού
1237 3632 1327 3696 τόσον
1339 3639 1376 3721 τῇ
1387 3630 1538 3723 πολεμικῇ

444 3733 501 3812 ἕξει
519 3737 589 3803 ὅσον
604 3748 647 3824 τῷ
668 3737 848 3832 βαρύαρικῷ
868 3742 920 3806 καὶ
943 3740 1110 3833 παραλόγῳ
1130 3744 1310 3833 φρονήματι.
1328 3718 1395 3812 fian
1412 3739 1466 3829 μὲν
1482 3745 1537 3808 καί

444 3847 555 3924 ἄλλους
581 3850 728 3938 πολέμους
756 3847 849 3936 εἶδον,
881 3853 934 3917 καὶ
966 3852 1069 3928 άλλοις
1089 3848 1235 3940 ἀνδράσιν
1264 3850 1426 3939 ὡμίλησα·
1457 3854 1540 3920 ἀλλά

444 3959 584 4033 τοιαύτην
608 3965 710 4051 μάχην
734 3958 851 4053 ἀνδρῶν
876 3966 921 4040 τίς
947 3965 983 4030 ἀν
1008 3966 1060 4030 καί
1087 3960 1283 4056 διηγούμενος
1305 3963 1339 4029 ού
1361 3960 1474 4056 φρίξει,
1494 3973 1539 4054 μὴ

445 4070 490 4137 ὅτι
507 4072 539 4164 γ’
558 4074 653 4165 ὁριῖννς

493 4165 692 4274 Ε’ξεκέχυντο’
709 4187 769 4278 γάρ
786 4195 844 4253 τῶν
860 4187 983 4254 κλισιῶν
1000 4185 1129 4263 ἕκαστος
1146 4185 1201 4252 οὐκ
1218 4185 1378 4273 ἀνειμένως
1394 4188 1448 4253 καί
1470 4190 1537 4275 μά-

479 4433 486 4459 ⁴
496 4441 566 4491 Δίκην
576 4437 645 4502 σνῶν]
657 4439 693 4490 κίε
704 4456 778 4506 συρτει
789 4459 814 4508 p.
830 4445 890 4505 106,
902 4459 927 4493 n.
940 4442 965 4492 5.
1023 4458 1025 4463 ·
1037 4442 1048 4468 ¹
1062 4443 1329 4512 5ολ01,ιίκφρασιςτοῦ
1341 4445 1454 4506 πολέμου.
