3684 5659
451 608 522 680 218
789 618 823 675 Γ.
848 614 923 676 ΤΟΥ
947 612 1201 676 ΠΑΧΥΜΕΡΟΥΣ

451 749 588 837 μέτεστιν
596 768 607 829 3
637 748 671 812 οὐ
696 749 793 839 πατὴρ
817 749 905 838 κάγὼ
926 750 978 813 καὶ
1003 750 1170 839 γεννήτωρ,
1194 751 1245 814 καί
1266 744 1376 825 πέδαις
1400 749 1545 841 ἀφύκτοις

445 869 500 936 τῆς
518 859 634 950 φύσεως
648 855 794 946 δέδεμαι;
815 858 869 923 οὐκ
884 858 1043 950 ἐλευθέρως
1059 858 1228 950 ἀνέθρεψας
1247 858 1301 925 οὐκ
1315 859 1412 948 εὐχὰς
1426 861 1546 926 ἐποίουν

446 970 517 1036 καθ’
545 962 585 1034 ὧν
603 969 754 1040 ὑπενόησα
771 972 823 1034 καί
841 970 1004 1052 πολλάκις,
1028 970 1068 1043 ὡς
1086 969 1122 1032 ἀν
1138 968 1364 1061 τελεσφορηθείη
1380 972 1415 1035 τὸ
1434 967 1549 1062 βρέφος·

445 1083 496 1145 καί
511 1083 552 1156 είς
570 1079 709 1150 ἀληθινὸν
723 1078 857 1150 ἀποθαίη
871 1075 985 1172 ἀνδρα1
1001 1080 1053 1143 καί
1067 1075 1280 1171 παραδραμεῖν
1295 1081 1345 1145 τὸν
1359 1084 1543 1173 γεννήτορας

445 1172 484 1266 og
502 1186 602 1260 δὲτὴν
617 1189 752 1254 ἐναντίαν
766 1185 861 1254 ὥδευε
877 1192 997 1280 φθάσας
1009 1189 1150 1276 Τελχῖνός
1163 1186 1258 1265 τινος’
1273 1192 1389 1281 φθόνῳ,
1409 1191 1475 1279 ἐμοί
1490 1193 1543 1256 καί

446 1310 509 1376 τοῖς
526 1299 609 1387 ἐμοῖς
630 1296 859 1383 βασκήναντος,
880 1298 1010 1364 ἐνέλιπον
1027 1297 1060 1362 ἐκ
1076 1305 1135 1362 τῶν
1153 1297 1285 1386 ἐμαυτοῦ
1303 1302 1356 1365 καί
1375 1300 1470 1392 λέγων
1490 1301 1543 1365 καί

446 1412 599 1501 πράττων,
616 1411 656 1484 ὡς
675 1410 711 1473 διν
725 1417 778 1485 τῆς
795 1418 928 1501 πονηροῖς
944 1409 1057 1483 ἐκείνης
1074 1405 1161 1484 ἕξεως
1178 1411 1412 1498 ἀποσπάσαιμι;
1434 1387 1493 1475 ὅτε
1511 1405 1545 1474 δὲ

445 1518 731 1612 παραταττομένονς
746 1515 844 1596 ξένους
856 1518 956 1610 ἑώρων
970 1522 1012 1594 είς
1027 1518 1156 1606 πόλεμον
1170 1518 1223 1584 σὺν
1241 1519 1326 1608 ἐμοί,
1341 1521 1395 1586 καί
1413 1520 1465 1585 τὸν
1481 1521 1545 1586 υἱὸν

446 1628 592 1695 ἐσκόπουν
604 1627 834 1718 καλινδούμενον
848 1639 910 1705 τοῖς
922 1631 1109 1717 αἰσχίστοις,
1126 1638 1190 1705 πῶς
1204 1630 1303 1695 οἴεσθέ
1315 1656 1352 1718 με
1367 1627 1545 1697 διακεῖσθαι

445 1742 532 1826 τότε,
554 1742 605 1806 καί
624 1739 691 1828 μεθ’
706 1742 772 1836 σίας
789 1737 919 1833 καρδίας
937 1736 1088 1832 διαφέρειν
1104 1741 1155 1805 τόν
1170 1741 1298 1828 πόλεμον
1305 1761 1316 1822 ;
1408 1819 1411 1825 ¹

495 1833 579 1918 Ᾰλλοί
594 1876 641 1927 τις
655 1851 750 1916 συνὼν
762 1857 850 1930 ἰ’σως,
867 1852 907 1938 μὴ
919 1854 999 1938 ἔχων
1014 1851 1065 1915 τὸν
1079 1849 1149 1938 ἐμὸν
1161 1851 1202 1926 ὡς
1218 1851 1291 1943 ὃρᾷν
1308 1849 1539 1942 σνλλογισμόν’·

446 1987 463 2021 «
473 1963 597 2028 Τάλανα
611 1986 626 2020 ν
640 1958 771 2028 διελάλει
784 1962 857 2055 πρὸς
868 1963 918 2027 τὸν
931 1962 1069 2045 πλησίον,
1086 1985 1103 2019 (ι
1118 1963 1169 2026 καί
1186 1961 1289 2026 ἄθλιον
1305 1954 1339 2026 »ί
1359 1964 1428 2027 καί·
1451 1987 1467 2020 α
1479 1967 1543 2029 Κοι-

448 2073 497 2138 λόν
514 2068 549 2143 ἦν
568 2071 650 2158 αὐτῷ
667 2071 780 2160 μᾶλλον
795 2095 810 2130 υ
829 2072 942 2162 ἐλεγεν,
962 2095 979 2128 ι(
993 2074 1018 2136 εἰ
1034 2078 1093 2136 τῶν
1110 2069 1180 2135 κατ’
1200 2067 1281 2135 οἷκον
1298 2069 1469 2162 ἐφρόντιζε,
1489 2076 1540 2137 καί

447 2184 496 2248 τὸν
522 2183 585 2247 υἱὸν
611 2182 838 2274 ἐσωφρόνιζε».
867 2183 926 2246 Καί
955 2182 1146 2274 ἀναλγησίαν
1169 2207 1226 2269 μον
1250 2182 1492 2272 κατεγίνωσκεν,
1515 2185 1540 2246 εί

447 2303 556 2370 κοινοῖς
588 2276 820 2379 ἐπιθαλλοίμην,
853 2287 1008 2381 δνςτνχῶν
1032 2301 1095 2368 τοῖς
1120 2291 1190 2357 κατ’
1218 2288 1316 2375 οίκον,
1346 2293 1399 2356 καί
1431 2292 1540 2368 ἄλλους

447 2404 608 2497 εὐεργετεῖν
625 2405 845 2496 προθυμοίμην,
865 2402 956 2479 αὐτὸς
973 2402 1072 2479 ἐλέους
1090 2399 1241 2491 δεόμενος.

495 2498 662 2593 Ιθδυςνόονν
679 2515 781 2581 λοιπὸν
797 2524 839 2602 τῷ
852 2511 942 2580 παιδί
959 2507 1062 2604 (τοῦτο
1079 2517 1138 2617 γάρ
1157 2516 1241 2591 όσός
1259 2513 1403 2600 βούλεται
1420 2508 1538 2606 λόγος),

446 2631 517 2711 καί,
545 2630 657 2718 φθονῶν
679 2635 732 2702 τῆς
757 2630 854 2705 ζωῆς,
879 2622 1084 2690 ἀπέκτεννον*.
1110 2613 1241 2691 ίλ-τί
1267 2629 1304 2692 ἀν
1323 2629 1414 2693 εἰπὼν
1438 2629 1474 2694 σέ
1497 2653 1540 2704 τις

448 2738 544 2829 ὀρθῶς
561 2738 638 2830 ε’ρεῖς
652 2735 782 2800 -λίαν
799 2738 865 2826 περὶ
883 2737 937 2805 τὴν
954 2734 1040 2826 φύσιν
1056 2730 1208 2829 ἀστοργεί
1223 2721 1249 2801 ὁ
1262 2739 1322 2830 γάρ
1338 2733 1383 2814 οἷς
1395 2739 1434 2802 ἂν
1447 2738 1541 2826 ἀλῷεν

446 2847 533 2912 ἄλλοι
557 2848 795 2936 καταγινώσκων
820 2846 988 2928 ἀλλόκοτα,
1015 2849 1100 2922 οῖντος
1121 2846 1219 2911 ἐκεῖνα
1236 2855 1353 2938 πρῶτον
1368 2846 1428 2913 τῶν
1444 2848 1541 2914 ἀλλων

448 2967 611 3049 κατηγορεῖ
624 2956 745 3020 ἑαυτοῦ.
763 2938 803 3031 ίλς
817 2959 876 3047 γὰρ
894 2956 1008 3021 ἁπλοῦν
1025 2958 1058 3021 τὸ
1077 2961 1119 3032 εἰς
1134 2960 1247 3022 κακίαν
1264 2957 1448 3042 ἀνύποπτον,
1465 2957 1540 3026 οὕτω

446 3068 571 3159 πονηρὸν
593 3069 645 3132 καί
668 3067 801 3132 ποικίλον
822 3067 856 3130 τό
876 3068 950 3155 πρὸς
971 3067 1080 3142 ἀλλους
1102 3068 1310 3157 καχύποπτον.
1333 3074 1455 3145 Δνςνοεῖ
1477 3096 1538 3156 τις,

446 3179 608 3268 παρόντες,
628 3186 671 3263 τῷ
689 3176 818 3268 σφετέρω
837 3180 1016 3267 γεννήματι;
1038 3178 1071 3242 οὐ
1091 3178 1165 3243 θέλω
1183 3182 1311 3271 σόμερον
1327 3181 1437 3267 νόμους
1454 3177 1543 3247 δικά-

449 3293 509 3365 ζειν
526 3288 595 3376 ἐμέ,
616 3288 695 3352 ἀλλά
712 3288 798 3379 φύσιν
817 3288 922 3358 αὐτήν.
943 3269 1079 3375 Ιίτοίμως
1098 3289 1234 3354 ἐπιθαλεῖ
1249 3315 1295 3365 τις
1310 3292 1363 3361 τὴν
1382 3286 1485 3367 δεξιὰν
1501 3300 1541 3379 τῷ

448 3395 538 3463 παιδί
548 3424 556 3477 ;
588 3401 651 3481 oo,
685 3395 789 3469 δῆλον.
820 3379 967 3480 Ᾰκοόεις,
999 3397 1180 3492 κατήγορεῦς
1207 3405 1301 3465 Τοῦτο
1325 3402 1378 3464 καί
1406 3400 1454 3466 ἐπ’
1479 3401 1541 3489 ἐμοί

483 3648 491 3672 ¹
505 3647 591 3696 Noster
606 3647 667 3697 Hist.
685 3647 759 3696 Mich.
772 3646 871 3695 Pataeot.
886 3647 917 3703 3,
934 3647 961 3691 ot
975 3682 981 3702 ,
1009 3649 1094 3708 Τελχίν
1108 3644 1163 3695 vide
1173 3645 1204 3694 ed
1214 3645 1364 3709 Choricium,
1374 3665 1400 3700 n.
1410 3651 1436 3709 4,
1448 3666 1473 3714 p.
1488 3651 1542 3700 too.

448 3740 474 3788 p.
489 3727 535 3774 217
553 3744 559 3773 ι
575 3727 671 3782 ἐκείνους
688 3726 840 3774 παιδείιεσθαι
853 3727 981 3773 συνίθαινεν
1042 3724 1106 3773 ³Sic
1116 3724 1204 3775 codex.

449 3805 471 3859 ἐς
485 3810 512 3852 τὸ
524 3804 629 3869 ἀκριθές,
640 3810 679 3852 καί
690 3805 722 3859 εἰς
735 3805 853 3858 ἀληθινοὺς
864 3801 982 3868 ὑπηρέτας
1042 3800 1103 3853 ‘Sic
1119 3802 1212 3861 codex,
1231 3805 1368 3856 ἀπέκτεννον
1387 3807 1543 3870 superaddito

451 3882 594 3930 ἀποθαίνειν.
1008 3882 1084 3930 altero
1096 3882 1218 3946 ny5qnod
1227 3881 1328 3932 verbum
1337 3899 1387 3932 non
1398 3895 1437 3934 est
1447 3885 1542 3935 dialecti

480 3958 598 4008 'Noster
623 3958 685 4008 Hist.
709 3958 741 4007 Μ.
767 3958 863 4006 Peleoi.
889 3960 918 4017 t,
950 3963 980 4017 1,
1009 3959 1131 4018 oratoriae,
1147 3961 1386 4026 Attieae‚qunmsihi
1401 3963 1542 4014 imitandam

447 4053 473 4102 p.
492 4037 702 4088 25320'uoeoo'ttt’
719 4040 881 4098 ἣζητοῦντος,
897 4036 980 4100 οἶμαι,
1008 4040 1136 4103 proposuit
1163 4039 1283 4103 sophista.
1309 4039 1425 4091 Fortasse
1448 4042 1544 4106 scripsit

449 4124 524 4166 κοινὸν
538 4116 638 4185 ὄλεθρον,
657 4122 697 4165 καί
710 4119 820 4179 Τελχῖνος
837 4119 922 4182 τρόπον
942 4117 981 4164 ἐν·
1008 4120 1150 4175 ἀπέκτεινον,
1165 4121 1303 4167 ἀπέκτανον.

449 4194 603 4258 δεικνυμένου.
628 4194 720 4244 Rursus
741 4195 802 4245 Hist.
819 4195 929 4244 Andron.
951 4195 980 4253 i,
1042 4194 1185 4254 ‘Verbaoo
1197 4198 1265 4253 δῆλον
1278 4197 1370 4262 scripta
1382 4198 1544 4248 suntinrnar·

449 4272 479 4319 10
493 4290 499 4319 ι
513 4273 552 4321 οὒκ
566 4273 644 4329 ἦνκαὶ
660 4277 747 4332 ἒςαῦθις
761 4283 800 4326 τὸν
818 4281 859 4326 τοῦ
872 4279 981 4338 Τελχῖνος
1009 4273 1077 4336 gine,
1094 4272 1225 4324 abeodem
1237 4290 1320 4324 menn.
1333 4274 1445 4326 Imitetur
1458 4277 1542 4327 iterum

446 4352 540 4414 ἠρεμεῖν
557 4355 645 4416 φθόνον.
659 4352 730 4402 Coni.
746 4352 840 4402 initium
853 4353 980 4401 Declama-
1009 4349 1114 4401 nobilem
1150 4353 1320 4404 Demosthenis
1355 4355 1445 4405 iocum.
1484 4353 1542 4405 t'ioe

450 4427 521 4476 tionis
536 4427 602 4476 xttl.
620 4428 657 4477 Ad
675 4429 860 4482 illustrationem
877 4428 981 4479 nominis
1008 4445 1031 4492 p.
1047 4430 1094 4490 99,
1108 4446 1131 4479 n.
1144 4433 1169 4480 2.
