3684 5659
375 604 447 674 242
712 612 747 671 Γ.
777 610 851 671 ΤΟΥ
876 606 1132 671 ΠΑΧΥΜΕΡΟΥΣ

371 748 467 833 τάχος
485 741 635 820 διύπνιζες
651 742 720 820 τοὺς
740 743 786 808 ε’πί
804 748 856 807 τοῦ
876 739 1033 830 βήματος,
1053 744 1104 807 καί
1123 744 1277 809 άνεκοινοῦ
1294 745 1417 822 τούτοις
1436 750 1465 815 τὸ

372 858 536 944 συμπεσόν,
551 856 647 921 καὶτὸ
661 855 799 927 ποιητέον
809 854 922 930 ἐζήτεις
930 854 951 933 ¹,
968 857 1020 920 καί
1034 855 1084 919 τόν
1096 850 1231 920 κίνδυνον
1245 852 1463 944 άνεδίδασκες,

371 968 414 1054 μή
432 962 567 1043 διδόντος
583 971 635 1030 τοῦ
648 970 755 1057 καιροῦ
770 964 815 1029 ἐπὶ
832 964 947 1052 σχολῆς
963 960 1178 1048 βουλεύεσθαι;
1197 967 1250 1042 Τίς
1266 967 1335 1033 τότε
1352 991 1388 1032 σε
1407 966 1466 1036 εἶδε

371 1078 424 1148 τήν
440 1073 551 1152 ἄνοιξιν
568 1072 803 1152 ἐπισπεύδοντα;
822 1077 867 1149 τίς
883 1072 983 1150 άλλως
999 1071 1182 1158 βουλεύοντα
1204 1084 1269 1152 πῶς
1300 1078 1338 1142 ἂν
1363 1079 1418 1143 καί
1442 1080 1456 1144 ό

371 1188 460 1274 νόμος
487 1187 703 1278 τηρηθείηκαλ
730 1186 851 1249 σωθεῖεν
877 1185 904 1249 οἱ
932 1186 1116 1276 πρόςφυγες;
1141 1187 1318 1278 πρόςφυγας
1345 1191 1406 1280 γὰρ
1433 1191 1466 1255 ἂν

372 1297 501 1375 ἐκείνους
524 1304 600 1363 εἴποι
628 1322 673 1373 τις
698 1297 734 1361 άν
759 1296 882 1370 εἰκότως
905 1303 958 1371 τῆς
980 1296 1108 1371 πόλεως.
1132 1276 1218 1361 Ᾰλλόι
1241 1304 1331 1365 τοῦτο
1358 1299 1466 1387 μὲνού

373 1405 542 1501 διεπράξω,
571 1409 664 1473 ἐκεῖνο
689 1403 719 1472 δ’
738 1405 791 1471 οὐκ
813 1408 964 1497 εἰργάσω,
987 1402 1116 1482 συνήξας
1137 1403 1170 1472 δὲ
1187 1406 1257 1485 τούς
1275 1404 1362 1475 ἔνδον
1378 1411 1465 1477 πολε·

372 1520 478 1608 μικοὺς
504 1522 556 1584 καὶ
585 1518 762 1593 συνέταττες
787 1516 832 1582 ἐπὶ
865 1525 924 1581 τῶν
947 1515 1068 1607 πύργων
1093 1525 1146 1592 τής
1170 1517 1305 1604 πόλεως,
1331 1523 1466 1587 κάκεῖθεν

373 1630 480 1723 ἐπειρῶ
506 1639 564 1696 τῶν
589 1625 705 1721 ἀνδρῶν
729 1626 883 1720 ὑπερέχειν
905 1623 1016 1711 βοηθὸν
1036 1636 1128 1718 χεῖρα
1145 1629 1197 1692 καὶ
1218 1629 1385 1696 άποσοθεῖν
1402 1631 1466 1709 τούς

372 1742 515 1834 ἐχθρούς;
535 1738 601 1807 εἶτα
614 1739 725 1806 τούτων
740 1742 880 1804 ἁπάντων
897 1737 1070 1826 ἀμελήσας,
1089 1737 1207 1830 φεύγεις
1223 1740 1258 1804 τὸ
1276 1742 1375 1818 κακός
1395 1739 1465 1808 εἷναί

371 1875 403 1917 τε
420 1855 471 1918 καί
490 1855 683 1940 νομίζεσθαι;
701 1853 753 1916 καὶ
768 1854 825 1915 πού
841 1845 961 1914 δίκαιον
974 1854 1078 1929 τοῦτο,
1098 1851 1149 1914 καί
1167 1851 1254 1941 παρὰ
1271 1853 1335 1917 τίσι
1353 1863 1466 1946 κριταῖς

373 1960 488 2052 άυήσιγ’
512 1965 624 2038 κακίας
647 1964 698 2027 καὶ
725 1957 811 2036 δίκης
836 1956 960 2035 δικαίας
982 1960 1177 2049 ἀπολυθήσῃ,
1202 1968 1283 2053 ε’ίπερ
1307 1988 1354 2039 τις
1377 1963 1465 2030 ἐθέλοι

372 2076 479 2165 κρίνειν
496 2074 550 2138 οὐκ
568 2071 598 2149 ἐξ
616 2068 656 2139 ὧν
673 2073 786 2164 λέγεις,
807 2071 874 2136 ἀλλ’
892 2068 924 2147 ἐξ
941 2064 981 2136 ὦν
997 2070 1177 2162 πέπραχας;

420 2180 635 2277 Σνγκρίνατεῧ,
655 2183 844 2275 παρακαλῶ,
867 2184 919 2254 τήν
937 2187 989 2247 τοῦ
1006 2183 1098 2269 νόμον
1115 2186 1296 2275 συντήρησιν
1314 2193 1352 2275 τῇ
1369 2197 1466 2280 σφαγῇ

371 2303 430 2360 τῶν
447 2291 581 2388 ἀνδρῶν,
610 2295 662 2359 καί
688 2295 774 2359 θέσθε
800 2293 981 2385 παράλληλα
1010 2291 1140 2371 ταῦταὸ,
1171 2297 1223 2360 καί
1249 2295 1418 2387 λογίσασθε
1443 2302 1466 2364 εί

373 2402 500 2471 δύναται
521 2405 747 2497 ἐπιτηρούμενος
772 2406 860 2492 νόμος
887 2405 981 2490 μείζω
1007 2403 1089 2468 καλά
1113 2413 1149 2493 τῇ
1175 2405 1260 2471 πόλει
1286 2420 1463 2500 περιποιεῖν,

372 2516 391 2586 ή
417 2516 529 2582 ἐλάττω
553 2519 637 2582 κακά
663 2511 770 2607 άνδρες
799 2511 852 2579 διά
880 2522 965 2589 κενῆς
991 2515 1172 2604 σφαζόμενοι
1196 2518 1388 2606 τριακόσιοι,
1417 2522 1464 2585 καὶ

372 2631 396 2691 εί
424 2624 484 2693 ἔδει
511 2631 552 2716 μή
579 2629 667 2716 μόνον
693 2630 735 2702 εἰς
760 2626 865 2717 καιρόν
896 2628 1122 2716 παροραθῆναι,
1149 2626 1228 2691 άλλόι
1256 2630 1310 2692 καὶ
1344 2628 1466 2701 λυθῆναι

372 2741 460 2824 νόμον
489 2739 534 2804 ἐπὶ
565 2739 755 2830 συμφέροντι.
781 2741 842 2801 Καί
869 2739 915 2801 τοί
947 2760 981 2825 γε
1015 2735 1162 2812 πολλάκις
1195 2733 1324 2826 οἴδαμεν
1360 2741 1465 2828 νόμους

372 2847 529 2932 λυθέντας,
549 2852 601 2913 καί
622 2847 874 2936 άντειςαχθέντας
891 2847 1010 2912 ἐκείνων
1028 2846 1156 2930 άλλους,
1179 2849 1231 2913 καὶ
1256 2844 1352 2935 μηδὲν
1368 2849 1466 2937 λυμη-

372 2957 516 3044 ναμένους
539 2967 575 3046 τῇ
601 2959 684 3022 πόλει
711 2960 762 3022 καὶ
790 2967 853 3032 τοῖς
878 2967 1001 3032 κοινοῖς.
1027 2959 1062 3020 Τί
1089 2952 1140 3040 δίς
1168 2956 1237 3022 ἀλλ’
1256 2962 1324 3046 ἔχοι
1347 2985 1393 3036 τις
1416 2963 1463 3025 καί

372 3064 487 3159 άυδρας
500 3070 714 3157 ἀντιπαράγειν
728 3066 902 3152 τοσούτους,
918 3069 1068 3132 πεσόντων
1083 3067 1218 3146 ἐκείνων;
1236 3048 1277 3144 og
1291 3072 1352 3134 είθε
1367 3075 1462 3154 τοῦτο,

1456 3178 1465 3212 ὅ

373 3182 424 3243 καί
451 3179 540 3254 άλλος
564 3179 735 3243 Δευκαλίων
759 3178 792 3243 ἐκ
819 3179 907 3243 λίθων
931 3180 950 3250 ἢ
974 3180 1089 3255 Αἰακός
1114 3179 1147 3243 ἐκ
1172 3182 1338 3270 μυρμήκων
1361 3191 1450 3247 ποιῶν

374 3285 488 3381 ἄνδρας
514 3290 528 3354 ό
558 3290 725 3382 στρατηγός
752 3289 939 3374 ἐπιστεύετο,
966 3295 991 3354 εἰ
1016 3291 1057 3377 μή
1084 3293 1176 3377 μῦθον
1200 3291 1234 3355 τό
1259 3293 1465 3384 ἱστορούμενον

373 3398 507 3491 δοίημεν.
528 3403 605 3494 Πρὸς
622 3404 650 3466 τί
670 3398 703 3466 δέ
724 3403 775 3466 καὶ
799 3403 887 3489 νόμος
904 3411 1003 3466 κεῖται
1021 3410 1057 3490 τῇ
1075 3401 1158 3466 πόλει
1166 3422 1176 3486 3
1196 3397 1232 3473 ή6
1249 3403 1340 3490 μόνον
1362 3403 1463 3495 πρόςθ

372 3517 424 3580 καὶ
444 3518 575 3580 συνοίσει
591 3513 781 3604 τηρούμενος.
801 3517 837 3577 Εἰ
856 3509 891 3576 δέ
908 3536 942 3576 σε
959 3509 1089 3597 βλάπτοι
1106 3509 1268 3589 πολλάκιςῖ
1285 3516 1304 3585 ἡ
1323 3517 1461 3607 τήρησις,

373 3810 458 3876 scripsi
474 3811 631 3878 ηύχοιρίστιις,
653 3811 685 3859 Et
706 3809 763 3859 indo
784 3808 904 3872 corrigam
967 3808 1086 3858 'schol-2
1100 3813 1242 3875 μετάληψις.

372 3890 511 3941 Anatolium
521 3890 552 3938 de
563 3887 704 3953 Antipathia
713 3903 739 3952 p.
748 3889 809 3936 297:
820 3889 904 3955 ἄρκτος
965 3885 974 3910 ²
986 3886 1059 3950 eod„
1072 3891 1154 3955 ἀνήσῃ.
1168 3888 1296 3949 Fortasse,
1307 3891 1418 3959 ἀνεθήσῃ.

373 3976 469 4021 νοσοῦσα
483 3968 628 4038 μνρμιδόνας
647 3969 727 4018 ἐσθίει.
748 3965 904 4030 AEgrotorum
965 3964 1084 4015 ³Schol.=
1098 3973 1155 4034 πρός
1167 3988 1201 4017 τι.

373 4051 477 4099 miserm·
501 4064 612 4098 ursorum
632 4055 736 4104 sortem,
757 4045 777 4094 si
796 4043 905 4094 remedio
964 4044 1055 4097 ’Θέσθε
1067 4046 1217 4113 παράλληλα]
1229 4047 1287 4097 vido
1296 4064 1323 4114 p.
1339 4049 1396 4107 198,
1407 4049 1459 4096 ιι.1.

373 4143 434 4192 οριιε
446 4126 537 4177 habent
552 4137 639 4192 paratu
656 4135 702 4176 tam
721 4123 820 4174 difficili.
839 4123 905 4173 Scri·
965 4124 1052 4174 ⁶lllam
1069 4125 1100 4175 de
1114 4125 1189 4175 AEooo
1204 4126 1310 4176 fabulam
1324 4127 1399 4192 plene
1410 4125 1461 4175 ittu-

372 4207 463 4268 pserim
483 4208 642 4274 μυρμηδόνας.
670 4203 804 4255 Rendtorfii
825 4203 905 4253 versio
931 4211 991 4251 strat
1002 4202 1209 4269 Mulier.AEgina,
1220 4222 1246 4269 p.
1260 4205 1300 4256 tt.

375 4283 513 4331 «formicas
527 4303 554 4344 ι,
570 4295 594 4333 ot
610 4284 705 4334 erudita
720 4294 777 4332 nota
792 4283 816 4331 in
832 4296 904 4330 causa
966 4280 976 4306 ⁰
990 4280 1088 4344 Codex,
1103 4287 1129 4339 ἢ.

373 4369 429 4407 sunt
444 4369 470 4406 ιιι
488 4362 596 4411 vocalem
612 4384 619 4412 t
634 4378 678 4426 pro
692 4372 802 4425 typorum
816 4357 904 4409 mondo
966 4357 973 4382 ⁷
985 4363 1096 4418 Πολλάκις
1106 4360 1183 4426 possit
1193 4360 1253 4410 verti
1265 4360 1363 4423 «forto,
1374 4374 1456 4411 casu».

372 4436 483 4487 habeam.
932 4436 993 4486 Vide
1004 4453 1029 4501 p.
1044 4440 1103 4486 206.
