3684 5659
801 618 958 680 ΜΕΛΕΤΗ
984 607 1043 680 lr'.

747 993 984 1083 ΜΕΛΕΤΗ
1011 985 1094 1081 IF'.

371 1232 523 1308 Στρατηγὸς
537 1226 612 1290 άλοὺς
626 1228 701 1305 παρά
716 1234 770 1290 τοῖς
788 1227 893 1305 ἐχθροῖς
910 1227 954 1282 ἐπὶ
969 1227 1036 1283 πολὺ
1054 1226 1256 1302 βασανιζόμενος
1272 1228 1353 1283 εἰπεῖν
1369 1231 1405 1282 τά
1419 1237 1466 1292 τῆς

415 1324 513 1388 πόλεως
534 1323 689 1402 ἀπόρρητα,
710 1320 757 1377 εἰτ’
780 1321 956 1397 ἀναγκασθεὶς
977 1328 1023 1375 καὶ
1042 1323 1166 1391 ἐξειπών,
1184 1321 1327 1378 ἀπολύεται
1350 1330 1465 1379 καὶτῶν

416 1422 541 1497 βασάνων
553 1426 652 1482 καὶτῆς
667 1418 866 1494 αἰχμαλωσίας.
883 1424 935 1472 Καὶ
949 1418 1093 1474 ἐπανελθὼν
1107 1421 1182 1496 παρά
1194 1427 1246 1473 τῶν
1261 1415 1335 1474 ἰδίων
1349 1425 1466 1498 κρίνεται

414 1513 550 1592 δημοσίων
563 1513 746 1590 ἀδικημάτων.
763 1513 916 1589 Μελετῶμεν
931 1517 976 1568 τόν
990 1513 1166 1590 στρατηγόνί.

424 1709 517 1798 ἰίδεθ
541 1735 640 1797 θανεῖν
665 1733 750 1822 παρὰ
772 1739 835 1805 τοῖς
861 1729 981 1822 ἐχθροῖς
1006 1729 1051 1795 ἐπί
1077 1739 1135 1795 τῶν
1158 1728 1302 1815 βασάνων
1329 1729 1463 1813 ἐκείνων,

375 1840 503 1937 ἄνδρες,
522 1843 591 1934 πρίν
609 1837 727 1906 διδόναι
745 1840 853 1931 λόγους
869 1849 922 1916 τῆς
938 1840 1142 1928 πλημμελείας
1158 1840 1231 1933 παρ’
1248 1839 1318 1929 ὑμῖν
1331 1843 1469 1932 άναγκά·

376 1957 497 2032 ζεσθαι.
518 1930 590 2018 ίὲδει
611 1953 677 2017 τότε
695 1960 795 2017 πεσεῖν
815 1953 1015 2060 αίκρζόμενου,
1035 1948 1071 2023 31³
1085 1954 1125 2016 τὰ
1141 1957 1190 2017 νῦν
1208 1951 1308 2017 λαλεῖν
1324 1952 1369 2043 ἐρ’
1387 1950 1469 2039 ὑμῶν

375 2066 415 2129 τά
432 2063 553 2154 μεγάλα
569 2061 841 2154 κατηγορούμενον.
864 2057 937 2126 Εδει
954 2062 1039 2152 παρά
1054 2071 1118 2137 τοῖς
1139 2058 1231 2138 ξευοῖς
1248 2062 1396 2128 ἐλεεῖσθαι
1416 2064 1468 2127 καί

376 2175 419 2262 μὴ
441 2174 527 2267 παρά
548 2183 610 2249 τοῖς
633 2168 802 2260 ἡμεδαποῖς
823 2167 1036 2246 ὀνειδίζεσθαι.
1057 2175 1093 2236 Τί
1114 2174 1174 2264 γὰρ
1197 2173 1260 2260 ἐμοί
1280 2177 1322 2248 εἰς
1340 2173 1470 2264 τέρψεως

376 2284 518 2376 λόγουτὸ
536 2289 604 2374 ζῇν,
622 2279 708 2374 άνδρί
730 2278 886 2371 δυςτυχῶς
905 2281 958 2370 μέυ
975 2284 1079 2372 σχόυτι
1098 2292 1152 2359 τῆς
1170 2285 1375 2374 στρατηγίας,
1395 2278 1469 2358 δνς-

377 2403 481 2483 τυχῶς
503 2390 608 2460 δὲκαὶ
634 2402 693 2458 τῶν
714 2393 832 2470 ἐςαῦθις
852 2395 1039 2484 πραγμάτων
1064 2397 1181 2481 ἔχοντι·
1209 2395 1261 2458 καί
1290 2394 1329 2468 ὡς
1357 2397 1470 2473 ἔοικεν,

378 2502 465 2572 οὐδὲν
483 2503 558 2569 ἄλλο
574 2504 608 2569 τὸ
629 2503 699 2569 κατ’
718 2501 769 2590 ἐμὲ
792 2503 810 2574 ἰν
832 2499 990 2588 βασκανία
1011 2503 1152 2592 Τελχῖνος
1173 2500 1285 2591 ὠμοῦί,
1308 2505 1396 2594 κόρου
1414 2503 1470 2568 οἰν-

1067 2594 1073 2615 .

378 2612 459 2683 δέυ’“
480 2612 595 2691 εἰδότος
617 2613 663 2681 ἐπί
687 2624 750 2690 τοῖς
774 2614 856 2701 ἐμοῖς
872 2613 1033 2702 χαλεποῖς.
1052 2618 1078 2678 Ο
1094 2616 1153 2705 γάρ
1176 2616 1249 2700 μήτε
1271 2622 1334 2688 τοῖς
1352 2613 1471 2704 ἐχθροῖς

378 2728 572 2820 χρησάμενος
596 2734 764 2818 προςηυῶς,
795 2728 868 2812 μήτε
893 2734 957 2800 τοῖς
983 2726 1103 2800 οἰκείοις
1129 2724 1257 2816 ἱλαρῶς,
1286 2729 1343 2789 ποῦ
1370 2725 1471 2816 φυγὼν

378 2836 436 2917 ἔξει
453 2838 555 2913 καλῶς
563 2858 573 2918 ;
595 2836 660 2903 ὅθεν
672 2839 724 2903 καί
743 2841 768 2902 εἰ
783 2835 835 2924 μὲν
848 2839 898 2901 τόν
913 2831 1047 2924 δυςτυχῖι
1060 2836 1149 2923 νόμος
1161 2834 1273 2900 κελεύει
1287 2838 1468 2915 κτείνεσθαι,

380 2950 471 3045 λόγος
488 2944 604 3033 οὐδείς,
625 2950 676 3015 καὶ
696 2950 823 3013 κτείνετε
837 2948 1031 3039 παραυτίκα,
1051 2949 1103 3012 καί
1123 2948 1164 3034 μὴ
1181 2946 1289 3038 ψήφοις
1307 2942 1401 3023 ἰδίαις
1418 2949 1471 3013 καί

379 3069 448 3136 ταῖς
466 3063 520 3124 τοῦ
536 3060 707 3151 κατηγόρου
723 3069 847 3150 φοναῖς,
873 3057 953 3136 άλλά
974 3066 1043 3133 ταῖς
1065 3056 1195 3144 ἐμαυτοῦ
1212 3060 1474 3148 καταμαρτυρίαις

381 3168 619 3246 καταδικάζετε.
639 3173 676 3234 Εἰ
694 3166 728 3235 δέ
744 3171 882 3262 γνώμης,
908 3168 976 3235 ἀλλ’
994 3167 1027 3233 οὐ
1051 3167 1147 3257 τύχης
1167 3165 1303 3254 βάσανος
1326 3169 1360 3233 τὸ
1378 3170 1473 3260 παρόν

382 3279 591 3374 δικαστήριον,
611 3283 675 3345 ἐστι
693 3283 785 3368 κάμοί
806 3280 912 3371 λόγος,
934 3282 997 3344 ἐστι
1014 3282 1079 3371 περί
1094 3288 1152 3344 τῶν
1167 3281 1377 3366 συμπεσόντων
1392 3283 1474 3345 ἀπο-

380 3393 557 3484 λογεῖσθαι,
580 3393 632 3456 καί
651 3389 731 3479 ὑμεῖς
749 3388 823 3466 άξιώ
841 3393 881 3478 μή
894 3392 1035 3483 πρότερον
1049 3389 1182 3482 θορυόεῖν
1196 3392 1248 3454 καί
1265 3392 1471 3480 ἐφίστασθαι,

379 3506 449 3596 πρίν
470 3504 508 3569 οἰν
529 3508 583 3568 τοῦ
603 3503 715 3578 παντὸς
737 3497 900 3567 διακοῦσαι
925 3501 1035 3591 λόγου,
1058 3502 1110 3565 καί
1134 3497 1228 3575 οὕτως
1249 3496 1400 3589 ἐξενέγκαι
1421 3501 1474 3570 τὴν

380 3605 491 3706 ψόφον,
511 3611 648 3696 δικαίαν,
674 3610 778 3701 οἶμαι,
804 3615 856 3677 καί
878 3618 932 3676 τοῦ
949 3611 1060 3686 παντὸς
1082 3606 1182 3693 άξίαυ,
1201 3611 1304 3686 καθὼς
1322 3612 1374 3675 καὶ
1394 3612 1473 3702 πρό-

379 3749 464 3816 τερον
480 3727 589 3817 κρίνειν
600 3727 731 3790 εἴθισθε.

429 3831 516 3912 Τοῖς6
530 3833 584 3923 μέυ
601 3827 651 3900 οίνυ
666 3833 820 3920 πολεμίοις
841 3826 886 3907 οἷς
903 3833 917 3897 δ
936 3833 1048 3908 σκοπὸς
1064 3828 1100 3903 ἦν
1116 3833 1150 3897 τὸ
1166 3835 1291 3898 κτείνειν
1311 3833 1361 3898 τόν
1379 3857 1474 3925 στρα-

416 4053 424 4080 ¹
437 4052 537 4104 Sftbola
554 4057 569 4110 ἡ
582 4060 678 4112 στάσις,
693 4062 825 4119 συγγνώμη.
838 4053 869 4102 Et
882 4052 914 4102 de
975 4050 1114 4116 ’ΤελχῖνοςῙ
1127 4051 1182 4101 vide
1194 4067 1221 4116 p.
1235 4053 1298 4109 218,
1315 4065 1339 4099 n.
1354 4053 1379 4098 2.

380 4135 515 4197 μελετῶμεν
528 4147 554 4196 p.
567 4133 628 4181 186.
977 4129 987 4154 ³
999 4130 1072 4190 Cod.,
1082 4132 1155 4181 οὐδέν.
1166 4129 1257 4193 Scripsi
1267 4129 1348 4187 οὐδέν’,
1361 4137 1386 4176 et
1393 4128 1475 4179 malim

414 4208 519 4259 ’Schok
532 4229 538 4258 :
552 4217 580 4260 τὸ
596 4216 718 4278 προοίμιον
733 4214 870 4267 παθητικόν,
891 4211 914 4258 ἰκ
943 4208 1033 4258 οίνδίνα.
1307 4258 1314 4273 ,

381 4298 423 4346 τῆς
433 4294 475 4338 τοῦ
485 4288 578 4352 ἔχοντος
587 4296 614 4339 τὸ
628 4290 731 4354 ἔγκλημα
740 4288 880 4354 ὑπολήψεως.
978 4285 987 4311 ⁰
997 4285 1090 4335 Schola
1101 4287 1205 4353 δεύτερον
1218 4291 1341 4351 προοίμιον
1352 4288 1375 4334 ἐκ
1386 4296 1426 4343 τῆς
1435 4293 1476 4336 τοῦ

414 4365 425 4391 ⁸
441 4365 480 4416 Fit
492 4366 585 4433 ellipsis
597 4368 705 4419 adverbii
722 4371 824 4433 μᾶλλον,
844 4382 915 4432 quam
943 4368 1074 4431 κατηγόρου
1081 4363 1224 4428 ὑπολήψεως,
1235 4363 1283 4424 ὅτι,
1296 4366 1316 4413 εί
1326 4371 1365 4414 καί
1375 4374 1409 4429 μὴ
1421 4371 1478 4434 ρθο·

381 4445 531 4512 frequentat.
945 4449 1007 4512 νερδς
1019 4444 1087 4501 ἴσως,
1105 4443 1154 4492 ἀλλ’
1166 4445 1255 4501 ἀπηνὴς
1264 4445 1296 4502 εἰς
1309 4443 1387 4495 αὐτόν.

1301 4525 1339 4583 32
