3684 5659
382 631 452 704 180
719 641 754 700 Γ.
782 641 856 700 ΤΟΥ
881 637 1136 700 ΠΑΧΥΜΕΡΟΥΣ

380 777 491 838 ἀνωθεν
509 775 715 860 ὀνομάζομαι;
735 772 768 837 οὐ
785 772 913 863 λέγομαι
930 779 983 838 τοῦ
999 769 1095 847 δεῖνος
1107 773 1190 855 υῖύς,
1210 767 1322 863 ἀνδρὸς
1339 770 1467 860 ε’ντίμου,

379 883 502 948 πολίτου
519 879 612 969 μηδὲν
630 887 751 970 ἔχοντος
768 885 828 948 ἀπὸ
847 886 944 971 νέμων
961 884 995 948 τὸ
1012 883 1190 974 πρέςτιμον;
1210 883 1256 956 τίς
1272 881 1407 947 ἐκώλυσε
1422 885 1468 949 τὸν

378 994 496 1084 πατέρα
521 993 643 1058 θέλοντα
665 993 893 1071 πολιτεύεσθαι;
920 996 966 1069 τίς
990 1000 1093 1068 κακῶς
1116 989 1199 1070 εἷπε,
1224 1017 1272 1068 τις
1295 996 1468 1085 ἀπεστράφη

380 1098 465 1182 ίδώυ;
481 1083 676 1178 Ᾰναπτύξατε
689 1103 723 1166 τὸ
736 1111 794 1167 τῶν
807 1105 921 1190 ἀτίμων
934 1106 1087 1168 πινάκιον·
1107 1105 1270 1185 ζητήσατε,
1285 1102 1466 1193 παρακαλῶ,

380 1221 408 1278 εί
418 1238 475 1278 που
488 1222 542 1288 τῆς
556 1209 664 1296 βίθλου
682 1223 780 1277 κεῖται
796 1214 829 1278 τὸ
846 1218 899 1278 τοῦ
915 1213 1029 1305 πατρὸς
1043 1213 1237 1304 ἀνάγραπτον
1256 1218 1366 1300 ὄνομα.
1385 1215 1420 1277 Ei
1437 1209 1469 1278 δὲ

379 1326 430 1388 καὶ
456 1333 554 1389 κεῖται
578 1317 709 1412 (κείσθω
731 1326 791 1415 γάρ
810 1316 1008 1413 καὶτοῦτο),
1032 1323 1097 1410 ἐμοὶ
1116 1321 1169 1410 μἐν
1188 1325 1330 1410 ούμενουν
1354 1324 1469 1390 λεκτέον

379 1439 485 1498 τοῦτο·
507 1430 577 1498 οὐδὲ
594 1434 654 1526 γάρ
672 1431 772 1509 ἀξιον·
792 1433 867 1509 τέως
883 1431 917 1499 δέ
932 1437 963 1498 τί
979 1434 1052 1523 πρὸς
1070 1432 1121 1521 ἐμὲ
1138 1439 1224 1498 τοῦτο
1234 1455 1244 1514 3
1267 1433 1397 1520 ἐκεῖνος,
1415 1435 1469 1500 κᾶν

380 1545 481 1620 ὁποῖός
493 1569 540 1620 τις
552 1540 619 1628 ἦν),
635 1537 756 1610 ἀλλὀύν
771 1544 930 1630 ἐλευθέρως
942 1545 1046 1636 ἔθρεψε
1055 1543 1110 1610 ,τὸν
1122 1544 1199 1628 υἱόν,
1215 1546 1267 1608 καὶ
1283 1542 1341 1608 ὑπὸ
1355 1569 1471 1631 μυστα-

378 1664 492 1745 γωγοῖς
513 1656 566 1720 καὶ
589 1651 802 1745 παιδαγωγοῖς
822 1651 929 1738 ἀνὴξε,
948 1657 1000 1720 καὶ
1020 1652 1106 1720 οὐδὲν
1123 1654 1250 1720 ἐνέλειπε
1268 1649 1414 1720 δαπανῶν
1430 1658 1469 1732 είς

378 1766 431 1835 τήν
448 1764 520 1852 ἐμὴν
537 1762 750 1853 εὐδοκίμησιν·
777 1772 851 1830 εἴπω
876 1761 929 1842 δέ,
954 1768 1005 1830 καὶ
1023 1764 1076 1830 ἀπ’
1095 1764 1207 1829 ἐκείνου
1228 1768 1321 1853 ἔσχον
1340 1767 1397 1841 τάς
1414 1774 1469 1831 τῶν

378 1875 479 1940 καλῶν
500 1878 657 1967 ἀφορμάς,
680 1875 759 1951 έςαεὶ
782 1879 988 1951 νουθετοῦντος
1009 1877 1083 1940 άτε
1107 1873 1256 1965 πρακτέον
1273 1877 1326 1940 καί
1352 1876 1374 1940 ά
1397 1899 1469 1968 φεν-

379 1985 463 2050 κτέον
483 1988 526 2061 είς
542 1981 682 2073 δύναμιν.

427 2095 533 2160 Θέλετε
554 2099 660 2182 μαθεῖν
676 2097 728 2166 τὴν
751 2096 824 2183 ἐμὴν
842 2093 993 2185 διδαχήνς
1010 2092 1093 2162 ἴδετε
1112 2096 1146 2161 τὸ
1166 2095 1268 2182 τέλος,
1295 2101 1468 2170 σκοπάσατε

377 2207 430 2277 τὴν
446 2209 634 2297 προαίρεσιν.
655 2203 790 2272 Δέδωκεν
807 2209 826 2277 ἡ
844 2207 932 2298 φύσις
953 2206 1020 2293 ἐμοί
1031 2241 1080 2254 -
1098 2204 1166 2271 ἀλλ’
1186 2205 1219 2270 οὐ
1241 2202 1394 2294 βούλομαι
1417 2208 1468 2275 λέ·

378 2341 453 2407 γειν,
475 2321 516 2404 μή
533 2342 596 2393 πως
613 2317 749 2407 ἐπαχθὴς
764 2315 841 2383 εἶναι
858 2314 939 2392 δόξω
954 2317 1197 2408 περιαυτολογῶν
1210 2316 1342 2382 -ἀλλ’
1361 2311 1425 2403 οὖν,
1443 2326 1470 2384 εἴ

377 2453 406 2492 τι
424 2425 568 2513 δέδωκεν,
588 2428 642 2494 ούκ
660 2428 782 2516 ἐμαυτῷ
798 2431 850 2493 καὶ
870 2436 951 2515 μονῷ
966 2435 1065 2519 τορώ·
1089 2427 1168 2493 ἀλλά
1190 2427 1289 2491 κοινὸν
1309 2431 1467 2518 προτίθημι

377 2545 485 2624 τοῦτο,
505 2542 557 2604 καὶ
583 2539 801 2627 πολιτεύομαι,
825 2543 878 2604 καὶ
899 2535 1012 2622 βουλάς
1039 2535 1173 2623 βουλεύω
1197 2539 1253 2614 τάς
1279 2539 1465 2630 ὠφελούσας.

377 2651 472 2741 Κάγὼ
489 2648 541 2736 μὲν
559 2674 574 2707 ιι
587 2645 683 2714 Οὐδὲν
701 2644 801 2714 ἀδικῶ
817 2673 833 2706 ν)
850 2650 937 2735 φημί·
959 2653 983 2713 εἰ
1002 2644 1032 2712 δ’
1048 2645 1165 2732 ἀδικῶ,
1186 2649 1227 2724 ὡς
1242 2647 1280 2712 σὺ
1298 2648 1413 2739 λέγεις,
1432 2648 1468 2716 σὺ

377 2760 430 2848 μὲν
446 2758 543 2837 δεῖξον
558 2763 612 2832 τὴν
630 2757 768 2845 ἀδικίαν,
789 2760 849 2851 ἐγὼ
868 2756 901 2824 δὲ
920 2763 1108 2851 παραστήσω
1127 2784 1175 2824 σοι
1190 2739 1245 2830 τὴν
1261 2760 1419 2852 ὠφέλειαν.

425 2874 487 2935 Καί
502 2896 552 2957 μοι
571 2873 676 2936 σκόπει
695 2863 765 2936 καθ’
780 2869 920 2935 ἕκαστον·
940 2873 1064 2962 εύπορύν
1080 2895 1151 2936 ποτε
1168 2872 1334 2961 χρημάτων
1347 2868 1378 2947 ἐξ
1393 2873 1468 2937 ἀπύ-

376 3007 435 3073 ρων
446 2983 495 3046 τὸν
514 2978 608 3068 δῆμον
621 2982 795 3052 κατέστησα
810 2992 877 3056 ταῖς
890 2980 1030 3065 βουλαῖς·
1043 2979 1185 3073 έξήνεγκα
1197 2981 1327 3068 πόλεμον
1343 2981 1415 3047 καθ’
1428 2977 1466 3048 ὧν

377 3092 520 3182 ἐθάρρουν
540 3087 674 3175 οὐδένες,
695 3092 763 3156 ἀλλ’
786 3095 935 3161 ἔπτησσον
953 3092 1179 3182 ἀγγελλομένων
1201 3094 1253 3155 καί
1283 3095 1387 3179 μόνον,
1416 3095 1466 3158 καί

377 3199 493 3289 μυχούς
506 3209 559 3276 τῆς
572 3210 626 3291 γῆς
640 3201 761 3277 ἐζήτουν
778 3211 897 3291 φυγεῖν·
917 3201 1109 3293 ἐχρημάτισα
1123 3200 1284 3292 πρέσθεσι,
1300 3205 1353 3267 καί
1368 3203 1467 3268 λαθὼν

376 3311 511 3395 λέοντας,
528 3312 700 3398 ἀπέπεμπον
715 3309 886 3403 λαγωούς’·
905 3311 1044 3404 πρέσθεις
1059 3309 1219 3399 ἐξέπεμπον
1233 3316 1310 3399 μετά
1324 3317 1463 3406 θάρρους.

376 3424 497 3508 Τάλλα,
518 3425 565 3489 ίνα
578 3426 619 3513 μὴ
634 3424 705 3489 καθ’
723 3423 850 3490 ’ἕκαστον
868 3423 1033 3516 διατρίθω,
1054 3419 1180 3497 δεόντως
1197 3425 1249 3487 καί
1269 3424 1310 3498 ὡς
1327 3425 1364 3488 ἀν
1383 3425 1464 3490 αὐτοὶ

377 3538 482 3625 φαίητε
496 3538 577 3601 κατά
590 3537 698 3628 τρόπον
712 3537 876 3600 καθίστων.
893 3540 997 3598 Ταῦτα
1009 3536 1048 3597 τά
1058 3542 1110 3608 τῆς
1122 3533 1194 3620 ἐμῆς
1206 3529 1331 3609 ἀδικίας
1342 3537 1462 3626 ἔκγονα·

376 3651 473 3714 ταῦτα
494 3655 690 3737 παρανομῶν,
712 3647 753 3720 ὡς
774 3646 864 3720 αὐτὸς
888 3644 1002 3734 λέγεις,
1028 3647 1183 3734 ἔπραττον.
1210 3645 1256 3707 Τά
1277 3647 1466 3733 πραττόμενα

409 3907 416 3932 ¹
429 3907 519 3956 Eadem
534 3907 643 3972 syntaxi,
656 3925 681 3972 p.
699 3910 742 3956 128
756 3927 762 3956 :
774 3909 815 3957 κᾶν
829 3913 907 3964 ὁποῖος
934 3907 1019 3956 dicunt
1032 3911 1124 3969 λαγωοῦ
1139 3912 1190 3975 βίον
1207 3915 1248 3974 ζῇν
1262 3908 1317 3956 sinn
1330 3908 1409 3958 leonis
1424 3926 1466 3973 op·

375 3994 414 4036 καὶ
428 3989 473 4043 εἴη.
484 3986 523 4034 Cf.
538 4002 563 4049 p.
581 3988 641 4043 130,
654 4002 678 4035 n.
691 3987 716 4035 4.
934 3985 1064 4050 positione.
1091 3985 1160 4046 Quod
1188 3985 1344 4048 proverbium
1364 4003 1420 4036 raro
1441 3987 1464 4035 in

409 4064 616 4115 ’Antithesisnnn
627 4065 797 4114 raralenniset
806 4065 904 4129 leporis.
933 4073 1015 4113 nostra
1034 4063 1115 4126 lingua
1127 4063 1240 4125 exemplo
1255 4063 1367 4113 adhibuit
1383 4064 1466 4129 Sagiun

374 4144 473 4193 Nonnus
484 4144 582 4209 Dionys.
600 4144 626 4192 n
638 4182 645 4204 ,
658 4145 702 4190 193
718 4149 810 4211 εΝοοφὶ
825 4149 906 4207 μύθοιο
934 4144 995 4192 nist.
1011 4143 1108 4191 Estev.:
1121 4160 1133 4184 «
1146 4141 1168 4205 ρο
1182 4143 1273 4189 sentnis
1287 4142 1391 4191 ε’όίενετ
1407 4142 1466 4191 dans

373 4225 470 4278 λέοντες,
482 4224 514 4271 ἐνὶ
525 4227 648 4286 πτολέμοις
660 4224 685 4272 δὲ
698 4227 794 4286 λαγωοί.
803 4223 904 4271 Prover-
934 4237 989 4269 mon
1001 4223 1055 4272 Amo
1064 4221 1108 4269 des
1120 4235 1276 4269 mouvemens
1286 4220 1317 4268 de
1326 4220 1464 4286 λεγέτω...

374 4297 439 4347 bium
459 4301 585 4350 metricum
601 4303 649 4350 665
664 4322 669 4349 ι
684 4308 757 4364 Λαγὼ
772 4309 822 4368 βίον
841 4309 880 4369 ζῇς
894 4303 905 4348 ὁ
933 4299 998 4347 enfin
1005 4298 1030 4363 je
1040 4299 1133 4347 menois
1141 4314 1189 4346 une
1199 4299 1236 4346 vie
1248 4297 1279 4346 de
1289 4298 1365 4348 Ιίὸντο
1377 4319 1399 4348 n.
1410 4299 1466 4347 Sin-

373 4379 539 4446 πρὶνάτρομος
548 4381 613 4428 λέων.
624 4380 788 4429 VideJunium
799 4379 902 4442 Adngioz
933 4377 979 4425 diis
1003 4377 1110 4426 clns'sicis
1131 4392 1145 4426 a
1165 4393 1242 4443 puero
1261 4376 1339 4441 probe
1361 4377 1465 4426 imbutus

376 4455 436 4504 «leo
457 4456 539 4519 prius,
559 4472 624 4506 nunc
642 4457 751 4520 leporem
768 4457 850 4521 agit».
875 4454 905 4503 Et
933 4457 1114 4519 sueratSagius.
