3684 5659
373 644 445 713 260
584 648 679 708 ΦΙΛΗ
704 648 766 707 ΕΙΣ
793 644 1002 706 ΠΛΧΥΜΕΡΗ
1027 643 1251 705 ΕΠΙΤΑΦΙΟΣ.

512 785 563 846 καὶ
585 790 638 856 τῆς
655 783 756 869 ψυχῆς
773 784 823 846 τὸν
841 781 987 870 φθόγγον,
1007 782 1031 841 εἰ
1051 775 1171 861 βούλει,
1193 775 1254 853 ξένε
1263 777 1287 860 ¹,
1431 785 1468 842 85

514 888 555 955 dt’
575 884 608 956 ού
626 895 666 956 τά
683 889 768 956 δεινά
784 900 843 956 τῶν
859 892 964 954 παθῶν
980 884 1070 978 ύγονΞ
1087 892 1184 980 Θράση

515 1003 607 1093 λύρας
628 1013 775 1089 μουσικῆς
795 995 1026 1089 ἐκμιμούμενος3
1042 1001 1187 1075 τόνους».

515 1117 555 1188 Ως
574 1105 642 1202 εύγέ
658 1136 706 1177 σοι
724 1107 855 1201 γένοιτοῆ
873 1114 924 1174 καὶ
944 1118 1002 1174 τῶν
1019 1115 1068 1173 νύν
1086 1110 1180 1200 λόγων

514 1229 562 1309 Τῷ
581 1231 776 1313 μυσταγωγῷ
792 1230 850 1286 τῶν
868 1229 967 1312 σοφῶν
983 1218 1212 1308 παιδευμάτων.

518 1334 562 1397 Ού
580 1337 639 1424 γάρ
659 1342 793 1416 σιωπᾷς,
816 1331 895 1397 ἀλλὰ
911 1335 1068 1396 κάνταῦθα
1085 1332 1172 1396 πλέον

515 1453 567 1519 τῆς
585 1448 691 1534 άρετής
708 1444 741 1507 τὸ
758 1452 864 1533 χρῆμα
883 1439 1027 1515 δεικνύεις
1046 1441 1132 1506 ὅσον*

518 1555 590 1630 ὥςτε
604 1551 716 1643 σχεδὸν
734 1558 804 1642 ζῇς,
824 1557 875 1618 καὶ
896 1551 996 1629 δοκεῖς
1011 1578 1039 1618 τι
1057 1557 1256 1644 συγγράφειν,

518 1670 620 1748 οἰκῶν,
640 1668 787 1754 σοφιστά,
806 1667 858 1735 τὴν
877 1668 970 1729 στοὰν
985 1667 1040 1734 τήν
1058 1665 1191 1753 ἐσχάτην

518 1781 569 1841 καὶ
588 1778 641 1846 τήν
658 1772 917 1865 περισπούδαστον
937 1772 1140 1862 ἀποδημίαν“,

518 1889 537 1957 ἢ
556 1888 608 1956 τὴν
623 1890 691 1978 πρὶν
708 1868 857 1975 Ᾰθήνῃσιυ
876 1883 1066 1974 άναδημίαυ.

515 1978 588 2087 dyo
605 1994 638 2060 δὲ
657 2001 719 2091 νύν,
738 1998 872 2083 μάλιστα
888 2003 939 2061 νῦν
956 1993 1079 2083 μαθὼν6
1093 2001 1155 2086 ἔχοι

519 2108 564 2172 ὅτι
582 2104 720 2185 δίκαιος,
741 2108 777 2170 άν
793 2108 969 2177 τελευτῆσαι
987 2110 1107 2197 φθάσῃ,

519 2223 604 2283 ἔσται
622 2219 695 2307 πρὸς
712 2220 896 2302 ἀνάπαυσιν,
915 2218 931 2282 ὃ
947 2220 1050 2308 Γραφύο
1067 2216 1177 2310 λέγειἾ,

519 2333 570 2395 καὶ
591 2334 627 2417 ζῇ
645 2330 779 2420 καθαρὸν
800 2331 852 2392 καὶ
869 2331 974 2393 παθῶν
991 2325 1070 2403 ξένον
1087 2325 1167 2413 βίον,

519 2445 560 2516 εἰς
576 2450 637 2532 φῶς
654 2439 801 2525 μετελθὼν
819 2439 953 2526 εὐτυχῶς
972 2435 1002 2514 ἐξ
1023 2438 1164 2529 ἑσπέρας.
1411 2452 1467 2509 too

406 2653 535 2717 ‘conjecit
553 2650 707 2701 Wernsdorl.
721 2655 791 2708 ξένον.
807 2648 903 2713 Optime
933 2668 985 2704 στος
994 2650 1067 2710 latet,
1082 2660 1140 2700 tuuc
1154 2651 1264 2717 intelligo
1279 2652 1425 2706 allusionem
1435 2657 1465 2706 ad

372 2748 399 2781 se
409 2730 484 2780 habet
500 2736 556 2792 ξένε.
576 2729 713 2794 Alloquitur
727 2737 835 2777 mortuus
848 2729 902 2776 lau·
933 2726 1039 2776 Platonis
1056 2727 1180 2792 scholam,
1192 2730 1233 2780 cui
1245 2731 1346 2782 caeleste
1362 2748 1464 2800 amna·

373 2810 482 2860 datorem
494 2825 564 2858 snum
580 2807 736 2857 benevolum.
931 2803 993 2854 sium
1009 2805 1158 2855 anteferatur
1172 2825 1193 2852 ι.
1207 2807 1251 2857 W.
1265 2809 1302 2871 A,
1318 2812 1462 2876 ἀποδημίαι,

405 2885 499 2946 Ἐἀά.,
513 2887 563 2950 ἦγε.
577 2884 688 2949 Conjecit
697 2885 738 2932 W.
750 2884 797 2948 ἦχοι
809 2883 903 2941 antlia
932 2892 956 2930 et
967 2883 1044 2932 ferme
1059 2885 1146 2934 ἁσποδ.
1163 2885 1200 2934 Ex
1212 2886 1231 2935 B
1243 2887 1305 2937 nihil
1314 2889 1395 2940 habeo
1407 2907 1464 2940 eno·

372 2966 403 3014 ab
417 2966 503 3029 ἄγνομι
518 2980 561 3014 seu
579 2965 629 3026 ἄγω
650 2964 759 3026 nfrango
771 2981 793 3010 ι.
813 2960 903 3020 Codd.‚
932 2971 1021 3020 totum,
1036 2973 1064 3010 ut
1079 2963 1226 3014 crediderim
1239 2978 1265 3015 et
1278 2965 1311 3016 ibi
1326 2983 1381 3018 esse
1395 2972 1461 3020 ἁποδ.

372 3043 441 3107 ἦγον,
466 3040 643 3105 «frangebam,
662 3040 722 3104 fregi
735 3059 758 3097 ι,
773 3040 809 3088 vel
823 3040 904 3104 potius
932 3040 1010 3102 Quum
1023 3041 1104 3091 statim
1118 3044 1228 3093 nominet
1237 3045 1319 3095 Philes
1329 3055 1372 3105 τὴν
1381 3043 1463 3114 ’Δθήνγ

373 3140 384 3166 ο
397 3120 515 3172 ducebam
528 3139 551 3179 ν,
564 3129 591 3168 ut
601 3118 770 3184 Orpheusille‚
782 3119 822 3184 qui
834 3118 904 3166 rani·
932 3141 968 3168 σιν
978 3116 1126 3184 Ἀκαδημίαν,
1146 3137 1195 3170 non
1209 3138 1269 3171 vero
1287 3124 1368 3174 simile
1385 3136 1410 3175 et
1425 3126 1462 3174 hic

370 3215 423 3249 mos
434 3199 541 3248 ferarum
553 3207 578 3247 et
589 3212 647 3247 saxa
659 3197 785 3261 sequentia
800 3195 868 3244 duxit
880 3214 901 3244 ο.
932 3213 1020 3246 nomen
1034 3199 1122 3264 repeti.
1134 3199 1220 3248 Ferme
1238 3203 1353 3265 suspicor
1371 3218 1462 3253 versum

403 3277 413 3302 ³
428 3277 486 3325 «De
495 3276 639 3342 metaphora
651 3275 757 3325 scientiae
766 3274 863 3324 musicae
872 3275 903 3323 ad
932 3276 1042 3340 periisse.

372 3355 561 3406 concinnitatem
586 3355 642 3404 ritae
665 3354 748 3404 rideas
772 3352 904 3402 Himerium
966 3354 1065 3415 ‘Edd.‚
1086 3352 1175 3419 Ἔγωγε
1196 3359 1220 3407 δὲ
1238 3364 1346 3422 μάλιστα
1367 3367 1414 3408 νῦν.
1428 3359 1461 3418 Α,

372 3435 424 3485 Ecl.
439 3437 477 3496 l'l,
490 3438 533 3485 4ο.
545 3434 586 3485 W.
600 3435 669 3487 Adde
679 3454 705 3486 n.
714 3437 745 3488 ad
756 3436 903 3495 chemeium,
933 3436 977 3495 ἐγὼ
990 3435 1015 3482 δὲ
1026 3439 1063 3482 νῦν
1073 3439 1131 3496 μάλ.
1144 3441 1202 3499 μαθ.
1218 3436 1251 3496 Β,
1263 3441 1309 3502 ἐγὼ
1319 3440 1346 3487 di
1358 3445 1395 3488 νῦν
1406 3443 1461 3503 μάλ.

370 3531 397 3578 p.
413 3515 470 3565 330,
931 3517 978 3560 νῦν.
993 3512 1045 3562 Ηοο
1059 3514 1164 3577 praetuli.
1180 3514 1303 3579 Repetitio
1315 3533 1366 3567 uon
1378 3528 1415 3567 est
1425 3518 1462 3566 in-

405 3590 503 3650 ’Ὦςεύ
522 3594 548 3656 γέ
566 3593 613 3656 σοι]
632 3592 688 3642 vide
706 3609 731 3656 p.
751 3594 811 3651 113,
830 3609 854 3641 n.
878 3593 901 3641 l.
931 3591 1019 3640 suavis.

372 3671 436 3720 Ante
455 3671 520 3720 hunc
546 3687 641 3720 versum
663 3670 751 3720 lemma
772 3690 777 3717 :
799 3674 904 3732 ἐπίλογος
965 3669 1070 3729 'attam
1082 3682 1169 3740 γραφῇ.
1185 3670 1257 3720 Fabr.
1276 3683 1301 3721 et
1313 3673 1356 3724 W.
1373 3683 1462 3742 γραφή,

370 3752 469 3816 βραχύς.
931 3747 1012 3798 tacite.
1043 3747 1135 3809 codd„
1165 3758 1252 3819 γραφή.
1282 3753 1409 3803 «alludit
1434 3751 1463 3802 ad

405 3824 438 3870 ἰ
456 3825 534 3887 Quum
548 3825 723 3891 Pachymercm
743 3826 777 3874 ait
797 3826 903 3875 incolere
931 3825 1005 3875 Hebr.
1022 3828 1051 3886 43
1068 3829 1096 3885 3,
1110 3838 1135 3876 et
1147 3828 1179 3877 ls.
1195 3830 1236 3889 57,
1257 3834 1268 3876 1
1278 3850 1286 3890 ;
1298 3834 1355 3880 etl
1376 3835 1421 3881 too
1434 3831 1463 3881 ad

374 3922 385 3949 r
399 3916 533 3954 extremam
541 3903 663 3953 Porticum
678 3903 776 3952 »alludi
787 3903 818 3952 ad
829 3905 905 3954 Zeno·
932 3903 1023 3967 Ephes.
1034 3908 1062 3963 5,
1076 3907 1090 3952 8
1103 3924 1124 3955 ν.
1140 3906 1181 3956 W.
1197 3906 1265 3956 isaiae
1276 3910 1359 3960 verbis
1371 3909 1463 3975 abipso

371 3983 408 4032 nis
423 3984 545 4033 Porticum
564 3981 686 4047 intelligo;
704 3997 758 4031 cum
777 3998 834 4031 vero
849 3999 905 4033 eum
932 3982 1100 4032 Wernsdorfio
1109 3985 1219 4036 excitatis
1229 3996 1294 4047 utar,
1303 3989 1345 4053 qui
1356 3990 1464 4054 superius

371 4063 405 4113 eit
420 4061 577 4127 «expetitam
596 4061 842 4127 peregrinationem»
863 4063 905 4111 in-
933 4063 1000 4111 ἔσται
1018 4061 1048 4111 ab
1063 4062 1115 4126 ejus
1132 4079 1195 4112 rana
1207 4066 1350 4130 suspicione
1363 4067 1463 4132 legentis

371 4141 468 4200 colere,
489 4141 524 4190 nil
542 4140 661 4206 intelligo.
685 4140 735 4190 Sed
758 4142 777 4190 si
799 4156 905 4206 reponas
933 4144 983 4191 ἐστι
996 4141 1127 4192 vindicem.
1141 4142 1182 4192 Sic
1201 4153 1283 4194 autem
1295 4145 1373 4196 isaias
1385 4167 1391 4195 ε
1404 4149 1463 4196 ἴδετο

372 4220 515 4282 ἆκαδημίαν,
538 4229 563 4269 el
584 4220 656 4269 simul
676 4230 759 4270 mente
780 4230 863 4269 teneas
879 4227 905 4270 τὸ
933 4225 986 4276 ὡςό
1002 4222 1091 4277 δίκαιος
1103 4223 1252 4272 ἀπώλεσα...
1267 4225 1334 4274 ἔσται
1353 4228 1376 4274 ἦν
1387 4228 1462 4292 εἰρήνῃ

371 4300 467 4358 μᾶλλον,
480 4297 546 4361 quod
566 4299 590 4349 ln
605 4299 724 4362 adjectivo
744 4302 906 4366 περιτπούδοι-
933 4305 946 4353 ἡ
961 4309 1023 4367 ταφὴ
1037 4301 1115 4351 α’ντού.

840 4494 998 4505 ———-..
