3684 5659
440 613 487 684 76
778 618 814 677 Γ.
841 616 915 676 ΤΟΥ
940 613 1195 676 ΠΑΧΥΜΕΡΟΥΣ

488 752 529 816 Σὺ
543 750 595 838 μὲν
610 756 686 824 ἴσως
707 749 783 839 ε’ρεῖς
800 751 840 823 ὡς
858 752 952 835 ζημία
967 759 1004 836 τῇ
1021 749 1104 814 πόλει
1122 749 1246 839 γέγονε,
1265 748 1317 811 καί
1332 747 1423 838 μέρος
1438 748 1535 814 πολε-

442 869 531 950 μικῆς
546 862 708 951 ἠφάνισται
725 854 940 946 παρατάξεως,
955 859 1007 921 καί
1023 857 1154 944 αἰσχύνη
1169 856 1301 944 πῇπόλει
1317 858 1446 947 μεγίστη
1460 863 1537 934 ναῦς

442 971 497 1037 οὐκ
518 969 650 1058 ἐχούσῃ,
675 968 728 1031 καὶ
752 965 832 1030 άλλα
855 965 978 1030 πλείονα
1002 965 1128 1049 τούτων,
1154 967 1196 1040 ὡς
1221 966 1259 1029 ἂν
1280 974 1455 1058 κατηγορῇς
1481 965 1537 1053 μὲν

442 1080 535 1167 ἐμοῦ,
556 1081 669 1169 ἀφαιρῇ
688 1073 721 1140 δὲ
738 1077 791 1145 τλν
811 1074 901 1140 πόλιν
917 1077 969 1144 τὴν
986 1074 1033 1138 ἐπὶ
1056 1078 1177 1163 τῄνίκῃ
1193 1078 1308 1166 χαράν.
1326 1056 1401 1166 Ιῗγὼ
1420 1071 1456 1140 δὲ
1480 1078 1534 1141 καί

442 1186 550 1281 κέρδος
574 1191 709 1278 ἡγοῦμαι
733 1192 821 1250 τοῦτο
841 1187 876 1249 τὸ
900 1184 1041 1275 μέγιστον
1063 1188 1115 1249 καί
1137 1186 1357 1276 προςπορισμὸν
1382 1188 1426 1261 εἰς
1445 1185 1537 1274 ἰσχὺν

442 1298 592 1385 πολέμου,
616 1299 668 1361 καὶ
694 1295 749 1360 οὐκ
776 1292 924 1382 αἰσχύνην
947 1302 986 1381 τῇ
1006 1294 1108 1377 πόλει,
1134 1293 1215 1357 ἀλλά
1237 1292 1352 1380 μᾶλλον
1368 1295 1459 1381 τιμὴν
1481 1295 1535 1358 καί

444 1404 595 1491 εὐδοξίαν,
615 1413 644 1470 εί
657 1429 703 1480 τις
719 1403 897 1469 ἀκούσεται.
1439 1409 1441 1415 “

493 1497 584 1606 Ερεῖ1
596 1518 656 1606 γάρ
667 1521 742 1589 ἴσως
758 1513 895 1588 άκοάσας
912 1513 954 1588 ὡς
965 1518 1053 1577 τοῦτο
1071 1515 1181 1603 κυρίως
1194 1509 1394 1604 παρατάξεων
1409 1513 1539 1600 πολεμι-

444 1635 506 1693 κῶν
519 1626 665 1717 εὐμοιρεῖν
680 1624 763 1708 ἐστί,
776 1624 810 1688 τὸ
823 1633 1012 1710 καινοτομεῖν
1023 1622 1094 1699 τοὺς
1106 1627 1238 1712 ἔχοντας
1244 1625 1470 1715 συμφερόντως,
1483 1625 1537 1687 καί

445 1741 526 1825 ἔχειν
542 1737 684 1823 νομίζειν,
704 1735 761 1799 κάν
777 1733 993 1798 άποΕάλλοιεν.
1011 1739 1107 1799 Τοῦτο
1122 1736 1208 1818 νίκη,
1225 1733 1308 1799 τοῦτ’
1323 1733 1470 1824 εὐκληρία
1481 1733 1540 1798 πό-

445 1847 532 1930 λεως,
546 1847 598 1930 τά,
612 1847 663 1910 καὶ
678 1842 906 1918 άποὸάλλοντας
920 1839 952 1918 ἐξ
964 1837 1005 1908 ὧν
1017 1849 1055 1908 άν
1068 1868 1114 1919 τις
1130 1846 1183 1908 καὶ
1200 1853 1286 1928 νικᾷν
1300 1842 1431 1921 ἤλπισε,
1446 1842 1541 1906 πάλιν

446 1965 545 2039 υικᾷν,
564 1957 616 2019 καί
637 1950 726 2024 δῆλον
741 1962 835 2018 ποιεῖν
852 1953 892 2026 ὡς
910 1950 970 2040 οὐχ
983 1950 1023 2016 ἑνί
1045 1953 1145 2044 τρόπῳ
1161 1954 1214 2016 καί
1233 1955 1313 2040 μόνῳ
1330 1936 1557 2044 περιγινέσθαι

446 2064 558 2155 πέφυκε
570 2072 635 2138 τοῖς
646 2062 747 2136 καλῶς
758 2061 1014 2149 πολιτευομένοις,
1032 2062 1100 2128 ἀλλ’
1114 2063 1148 2127 ἐκ
1158 2065 1269 2139 παντὸς
1279 2069 1332 2129 τοῦ
1342 2065 1543 2154 προςπίπτον·

447 2196 512 2256 τος,
529 2173 569 2247 ὡς
582 2180 634 2246 τῆς
646 2174 754 2262 άρετῆς
765 2170 858 2246 αὐτῆς
870 2175 922 2236 καὶ
941 2174 974 2237 τὸ
987 2174 1029 2259 μὴ
1042 2173 1134 2237 καλὸν
1145 2173 1290 2248 ποιούσης
1301 2172 1408 2257 καλόν,
1422 2175 1476 2238 καὶ
1488 2182 1543 2249 τῆς

448 2288 501 2346 τοῦ
512 2287 683 2372 στρατηγοῦ
694 2281 841 2356 συνέσεως
850 2284 902 2345 καὶ
913 2284 948 2346 τὸ
955 2283 997 2368 μὴ
1004 2285 1154 2373 χρήσιμον
1165 2286 1329 2374 χρήσιμον.
1338 2287 1391 2346 Δεῖ
1401 2279 1544 2372 γάρ’τὸν

449 2392 550 2467 καλῶς
562 2397 789 2482 στρατηγοῦντα
802 2392 844 2477 μὴ
858 2395 938 2479 ἔχειν
954 2394 1067 2467 εἰκόνος
1084 2389 1208 2479 σχῆμοά
1220 2393 1303 2457 κατά
1318 2392 1430 2456 ταυτὸν
1445 2390 1542 2480 ε’χοιί-

450 2525 505 2576 σης
522 2503 583 2566 ἀεί.
598 2505 635 2565 Εἰ
649 2500 702 2587 μὲν
719 2502 778 2592 γάρ
792 2497 827 2571 ἦν
844 2503 974 2572 ἀκίνητα
989 2503 1029 2565 τά
1044 2507 1097 2565 τοῦ
1108 2501 1240 2589 πολέμου
1252 2504 1304 2566 καὶ
1323 2498 1457 2585 βέὸαια,
1477 2496 1540 2565 ἔδει

450 2615 501 2676 καὶ
520 2613 569 2676 τὸν
586 2596 767 2702 στρατηγόν,
788 2610 833 2701 ἐρ’
852 2611 915 2685 ἑνὸς
933 2612 1090 2696 ἱστάμενον
1109 2614 1287 2698 σχήματος,
1304 2611 1457 2698 πολεμεῖν·
1478 2611 1541 2676 ἐπεὶ

451 2717 485 2785 δὲ
502 2731 562 2786 τῶν
578 2724 717 2786 ἁπάντων
736 2721 790 2785 οὐκ
807 2725 887 2785 ἔστιν
903 2718 991 2785 οὐδὲν
1005 2722 1045 2796 ὡς
1061 2721 1077 2784 ὁ
1093 2721 1221 2807 πόλεμος
1235 2729 1368 2787 άοτατον
1384 2723 1438 2786 καί
1456 2721 1543 2785 άνώ-

452 2830 560 2917 μαλον,
579 2826 626 2894 δεῖ
641 2834 778 2894 κάκεῖνον
795 2827 1055 2917 συμμεταὸάλλειν
1074 2841 1138 2906 τοῖς
1154 2834 1333 2923 πράγμασι,
1351 2834 1404 2897 καί
1422 2836 1474 2896 νῦν
1489 2828 1544 2918 μὲν

486 3080 495 3107 ⁴
508 3080 602 3130 Schol.:
613 3080 664 3148 ὅρος
678 3087 764 3149 βίαιος.
1011 3081 1116 3131 Meletidi
1129 3091 1254 3146 comparat
1266 3101 1273 3130 ι
1285 3082 1394 3149 οὐδὲγὰρ
1406 3089 1447 3133 νοῦ
1459 3092 1547 3148 μετεί-

485 3158 495 3184 ²
506 3159 600 3208 Schol.:
612 3161 681 3216 θέσις.
913 3215 916 3221 ¹
1010 3179 1060 3221 χεν,
1068 3160 1121 3209 οὐδὲ
1129 3163 1187 3209 πολὺ
1193 3163 1291 3227 βελτίων
1298 3169 1343 3208 τῶν
1350 3163 1374 3209 ἐν
1381 3170 1436 3218 ταῖς
1443 3171 1547 3230 γραραῖς

486 3237 558 3286 ⁸Non
570 3237 644 3286 debet
653 3237 701 3286 dux
712 3246 779 3285 tante
790 3237 888 3285 nomine
899 3236 985 3300 dignus
1011 3236 1052 3295 ἦν,
1070 3241 1148 3294 ἡτῶν
1169 3242 1277 3294 πηλίνων.
1298 3237 1349 3286 Non
1368 3239 1451 3302 reperi
1470 3240 1498 3297 ἦν
1519 3241 1546 3290 in

455 3313 594 3364 «tantidem
605 3331 658 3364 esse
669 3315 736 3379 quasi
746 3313 777 3362 sit
788 3314 882 3377 signum
894 3313 986 3377 pictum
1011 3314 1098 3364 codice
1115 3315 1188 3364 3025.
1203 3314 1311 3363 Achilles
1324 3315 1379 3364 Tet.
1394 3315 1426 3375 5,
1441 3319 1472 3366 13
1493 3337 1500 3366 z
1518 3322 1548 3367 σὺ

452 3392 477 3440 in
496 3393 591 3457 pariete
604 3411 626 3441 ι.
645 3392 686 3442 Sic
707 3390 886 3442 Declamatione
901 3402 985 3440 extre·
1012 3412 1038 3456 γι
1055 3394 1144 3450 οὐδενὸς
1156 3399 1263 3456 μετέχεις
1275 3403 1321 3443 τῶν
1337 3403 1382 3443 σῶν
1394 3394 1478 3452 αὐτῆς·
1494 3397 1546 3445 ἀλλ’

452 3471 522 3520 maX
534 3491 541 3520 ι
551 3475 636 3528 εἰκόνος
649 3482 730 3535 σχῆμα
740 3473 863 3526 λαὸόντας·
874 3480 900 3518 et
909 3468 987 3518 unde·
1011 3471 1087 3528 ἔοικας
1099 3481 1148 3528 τοῖς
1157 3473 1179 3520 ἐν
1190 3480 1291 3539 γραραίς
1304 3474 1426 3522 ἐσθίουσιν.
1440 3475 1489 3523 Pro
1499 3486 1548 3525 τῶν

453 3549 516 3598 eima
529 3568 535 3597 ι
550 3552 589 3599 ἐπὶ
602 3556 703 3607 εαυτοῦ,
717 3549 791 3614 ὥςπερ
805 3550 871 3596 εἰκὼν
887 3547 985 3611 ἄψυχος,
1012 3559 1057 3598 τῶν
1070 3549 1155 3605 αὐτῆς,
1173 3549 1253 3598 inveni
1272 3550 1297 3598 in
1313 3549 1407 3600 Veneto
1420 3552 1486 3609 409,
1499 3562 1547 3602 τῶν

454 3635 586 3690 σχήματος.
605 3626 780 3690 Aristophanes
799 3625 890 3684 Reme,
910 3626 955 3672 54¹
977 3644 983 3672 :
1012 3637 1106 3683 σαυτῆς.
1123 3625 1247 3675 ΜοΙίετίιιε
1261 3626 1388 3676 Molestis:
1406 3627 1462 3677 ιΕι
1473 3640 1548 3680 notre

453 3705 615 3772 γεγραμμένην
638 3708 705 3754 εἰκόν’
724 3709 833 3760 ἑστάναι,
853 3703 943 3753 lasso'vo'
962 3703 986 3752 ἓν
1011 3705 1048 3753 roi
1068 3705 1131 3752 n’est
1149 3718 1194 3767 pas
1212 3720 1245 3752 un
1268 3719 1403 3769 monetque
1422 3722 1453 3755 en
1472 3713 1549 3768 pein-

453 3793 544 3845 σχῆμα·
554 3797 608 3845 quae
619 3782 754 3846 respexisse
764 3782 859 3830 videtur
866 3780 984 3844 sophista.
1012 3792 1064 3830 ture
1071 3799 1095 3830 ».
1104 3780 1173 3843 Quod
1181 3783 1261 3846 potuit
1272 3782 1395 3832 obversari
1407 3783 1550 3848 Legrendio

454 3859 491 3910 lbi
508 3860 616 3907 notulam
636 3859 769 3922 adscripsi,
792 3876 864 3924 quam
881 3860 936 3908 auxi
954 3857 986 3908 ad
1012 3859 1118 3908 Coeania
1138 3878 1145 3906 ι
1168 3876 1179 3901 ι
1199 3859 1229 3907 Et
1249 3859 1275 3923 je
1298 3876 1357 3909 vous
1380 3863 1548 3927 apprendrai,

454 3937 555 3988 AEneam
574 3936 631 3985 Gaz.
653 3952 681 4001 p.
702 3939 760 3985 291.
781 3938 894 3987 Clemens
914 3936 985 3985 Alex.
1013 3937 1108 3986 chetive
1121 3938 1415 4001 creature‚Sijesuieen
1428 3940 1549 3992 eeelieux

455 4016 521 4065 Paed.
537 4017 567 4075 3,
582 4017 614 4076 2,
632 4013 676 4079 §6
690 4034 696 4063 ι
710 4017 782 4083 ἀργαὶ
796 4023 853 4084 πρὸς
870 4018 986 4082 οἰκουρίας
1012 4032 1044 4064 un
1064 4031 1198 4080 monetque
1217 4031 1247 4065 en
1264 4021 1373 4077 ροῖκιιινο
1385 4035 1408 4067 ι.
1431 4017 1550 4068 Raeiniue

454 4102 573 4156 γίνονται,
587 4097 692 4161 καθάπερ
707 4095 908 4162 ἐξωγραρημῖναι.
923 4094 987 4143 Poe-
1012 4093 1183 4156 Litigaloribus
1203 4113 1209 4141 ι
1226 4093 1368 4143 «Veis-tu?
1386 4093 1412 4158 je
1428 4110 1461 4144 ne
1485 4111 1549 4145 venx

454 4172 555 4237 phyriue
574 4170 669 4221 Abstin.
686 4171 728 4231 w,
746 4187 770 4222 e.
788 4175 803 4221 4
816 4193 822 4221 :
834 4176 917 4241 τυφλὸν
931 4172 987 4222 ὄντα
1012 4171 1082 4235 ροισι
1093 4170 1144 4219 etre
1152 4186 1186 4219 un
1193 4169 1251 4234 juge
1261 4185 1289 4219 en
1300 4174 1410 4232 ρεῖκιυτε
1422 4189 1444 4220 ι.
1454 4171 1549 4221 Voltei-

456 4257 495 4299 τὸν
509 4254 663 4309 Πλοῦτον,καὶ
677 4258 787 4315 κείμενον,
799 4253 873 4320 ὥςπερ
886 4258 986 4319 γραφήν,
1012 4249 1062 4298 rius
1073 4246 1217 4297 Amabede:
1237 4266 1250 4292 ι
1263 4249 1281 4298 il
1297 4258 1335 4297 est
1352 4248 1404 4298 vrai
1420 4264 1469 4315 que
1486 4265 1549 4299 nous

456 4327 545 4390 ἄψυχον
569 4335 609 4376 καὶ
630 4330 748 4385 ἀκίνητον.
770 4328 898 4390 Libaniue,
920 4339 939 4377 t.
960 4328 985 4389 Ι,
1012 4341 1087 4375 avons
1107 4341 1139 4375 un
1160 4341 1304 4390 empereur3
1321 4327 1382 4377 meis
1399 4327 1417 4377 il
1437 4343 1472 4378 ne
1490 4328 1549 4378 Ιόιι

455 4418 481 4466 p.
493 4405 550 4463 510,
562 4404 594 4453 de
602 4405 743 4454 Constantio
754 4420 826 4469 quem
839 4405 936 4456 verveci
951 4405 985 4454 illi
1012 4403 1083 4468 qu’en
1093 4407 1203 4466 ρεῖκιιινο
1214 4422 1236 4453 ι.
