3684 5659
799 590 956 652 ΜΕΛΕΤΗ
981 581 1030 653 H'.
1394 592 1456 658 l5l

420 701 494 815 Ᾰρτι
511 723 572 813 γάρ
587 719 639 798 νὺξ
654 718 755 795 ἦνκαὶ
771 724 878 800 σκότος
892 723 962 790 κατ’
978 725 1115 817 οὐρανόν,
1134 731 1187 790 τοῦ
1204 726 1289 797 ἡλίου
1307 726 1464 819 κρυθέντος

371 844 434 911 τοῖς
456 833 579 924 νέφεσι,
602 837 655 900 καί
679 833 854 901 κατέθαινεν
875 817 1101 912 Ιθλλησποντίας
1119 837 1276 928 λαμπρός,
1295 840 1347 903 καὶ
1367 842 1386 910 ἡ
1405 843 1465 903 θά-

370 945 477 1011 λασσα
500 941 618 1030 ὤδινεί,
645 948 696 1010 καὶ
723 947 742 1016 ἡ
764 946 839 1023 τέως
864 948 975 1038 ἥμερος
1000 945 1189 1039 ἐκυρτοῦτο’,
1215 951 1267 1013 καὶ
1292 951 1311 1019 η
1336 952 1465 1038 συνεχὴς

370 1057 543 1148 ἐμερίζετο,
571 1059 623 1122 καὶ
646 1056 721 1121 ἀλλο
743 1056 790 1122 ἐπ’
808 1057 890 1146 ἀλλῳ
908 1063 992 1146 κῦμα
1014 1058 1163 1124 ἐπέκειτο·
1188 1062 1239 1125 καί
1260 1062 1279 1131 η
1300 1065 1373 1136 ναῦς
1394 1061 1465 1126 ποτὲ

370 1167 424 1257 μὲν
449 1169 597 1256 ἀκόσμως
621 1166 758 1233 ἀνέθαινε
785 1168 1021 1261 μετεωριζομένη
1049 1181 1114 1246 τοῖς
1141 1171 1290 1258 κύμασιν,
1322 1168 1401 1249 εἶπες
1428 1174 1465 1238 ἀν

370 1279 520 1372 ἐκκρεμὴς
557 1282 600 1356 εἰς
637 1279 690 1370 ἀέρ
726 1326 737 1366 ,
777 1276 905 1367 μηδενὸς
935 1280 1046 1354 ταύτην
1083 1281 1357 1374 ὑποστηρίζοντος·
1393 1285 1466 1349 ποτὲ

371 1385 402 1454 δ’
426 1382 516 1465 αὖθις
536 1391 577 1466 ὡς
594 1393 637 1466 εἰς
659 1368 742 1476 Ᾰδου
762 1389 940 1475 κατέθαινε,
967 1394 1019 1456 καί
1042 1393 1075 1457 αἱ
1097 1401 1155 1457 τῶν
1174 1393 1321 1458 πλεόντων
1338 1391 1465 1487 καρδίαι

371 1498 451 1590 αὐτῇ
471 1501 679 1594 κατερχομένη
703 1498 957 1594 συχκατεδύοντο.
977 1477 1066 1568 (ieta
1088 1498 1122 1568 δὲ
1139 1505 1191 1569 καί
1209 1504 1300 1595 λαίφη
1317 1506 1369 1571 καί
1386 1508 1464 1598 πρό-

370 1635 446 1679 τονα
469 1616 514 1690 εἰς
532 1613 628 1679 λεπτά
647 1609 827 1679 διαλυθέντα
848 1612 919 1679 καθ’
937 1607 1056 1678 ὑδάτων
1074 1614 1222 1706 ἐφέροντο.
1241 1617 1300 1680 Καὶ
1319 1616 1334 1680 ὁ
1353 1616 1464 1708 κυθερ-

371 1726 463 1800 νήτης
478 1725 553 1817 πρὸς
568 1725 602 1790 τό
621 1720 717 1790 δεινὸν
734 1726 881 1809 ἀπειπών,
901 1723 947 1789 ἐπί
963 1733 1022 1790 τῶν
1038 1728 1306 1817 καταστρωμάτων
1320 1730 1385 1797 εἰκῆ
1402 1731 1466 1793 κεί-

372 1858 474 1922 μενος,
492 1845 599 1903 πατεῖν
616 1835 721 1903 ἑαυτὸν
737 1845 866 1929 παρεῖχε
882 1845 926 1923 τῷ
941 1835 1067 1902 θέλοντι.
1082 1841 1187 1904 Πάντα
1199 1840 1297 1925 μεστά
1310 1848 1462 1930 ταραχῆς,

370 1948 412 2013 τά
435 1945 542 2025 ἐκτός,
566 1949 606 2012 τά
628 1947 727 2032 ἐντός,
748 1949 788 2012 τά
806 1943 890 2014 ἔνδον
913 1951 956 2014 ἔτι
975 1951 1057 2014 κατὰ
1078 1949 1193 2039 ψυχήν.
1212 1953 1316 2015 Πάντα
1339 1950 1466 2043 θορύθου

371 2056 468 2144 πλέα,
487 2061 589 2125 πάντα
605 2067 758 2150 κραυγῆς,
777 2060 818 2136 ὡς
832 2059 945 2126 αὐτίκα
959 2061 1158 2148 θανουμένων,
1175 2063 1359 2149 σνμμίκτου.
1376 2062 1467 2139 Τέλος

371 2162 650 2259 διαπεφωνηκότες,
672 2170 699 2234 οἱ
724 2168 776 2257 μὲν
794 2180 911 2247 κοντοῖς
928 2170 1142 2247 πιστεύσαντες
1161 2170 1286 2248 ἑαυτούς
1293 2218 1303 2256 ,
1328 2173 1354 2237 οῖ
1374 2167 1407 2237 δὲ
1424 2181 1466 2259 τῷ

370 2281 495 2369 τυχόντι
502 2326 513 2366 ,
541 2278 602 2345 ἐπεὶ
627 2281 680 2345 καί
707 2282 800 2352 ἀκτὴν
826 2279 909 2369 εἶχον
932 2279 1051 2367 βλέπειν
1075 2279 1182 2371 ἐγγύς,
1202 2283 1254 2346 καί
1278 2285 1429 2374 προφανὴς
1451 2283 1466 2346 ὁ

371 2387 509 2468 κίνδυνος
524 2386 574 2476 ἦν,
594 2393 675 2457 κατά
692 2400 751 2457 τῶν
767 2396 909 2481 κυμάτων
929 2396 1084 2485 ῥίπτουσιν
1101 2390 1245 2476 ἑαυτούς,
1264 2397 1337 2456 ναῦν
1355 2393 1467 2467 ἐκείνην

370 2510 475 2568 πᾶσαν
498 2503 550 2567 καί
574 2504 682 2594 φορτία
703 2506 802 2569 πάντα
826 2507 945 2596 χαίρειν
965 2503 1122 2577 ἐάσαντες.
1143 2482 1336 2591 Ᾰπολειφθεὶς
1358 2498 1387 2568 δ’
1406 2503 1467 2596 ἐγὼ

371 2613 461 2700 μόνος
484 2620 602 2706 πρῶτον
626 2613 679 2701 μὲν
702 2614 840 2703 ἐκείμην,
864 2612 958 2703 μηδὲν
982 2618 1060 2702 ἔχων
1083 2614 1238 2683 κινηθῆναι
1262 2611 1314 2702 ἀφ’
1337 2613 1464 2700 ἑαυτοῦ,

371 2723 580 2817 ἀπροαιρέτως
602 2724 791 2813 κινούμενος·
819 2722 943 2818 ὕστερον
969 2719 998 2789 δ’
1023 2719 1205 2800 ἐπισυνάξας
1230 2725 1280 2789 τόν
1304 2724 1464 2816 λογισμόν,

372 2837 425 2901 καί
447 2836 522 2929 πρὸς
543 2831 752 2901 τὸν-κίνδυνον
770 2835 966 2924 ἀποθλίψας,
989 2836 1041 2901 καὶ
1060 2834 1110 2899 τὸν
1128 2834 1198 2900 ὅσον
1216 2837 1298 2900 ούπω
1314 2837 1419 2928 πικρὸν
1438 2838 1467 2902 ἐῖι

373 2942 468 3013 ύδασι
486 2941 633 3013 θάνατον’
646 2942 706 3018 ἤδη
725 2947 781 3038 πρὸ
803 2946 963 3038 ὀφθαλμῶν
981 2950 1073 3035 ἔχων,
1094 2946 1288 3036 ὠλοφυρόμην
1304 2947 1357 3017 τὴν
1372 2946 1466 3036 τύχην

372 3059 426 3131 τὴν
444 3058 595 3147 ἐμαυτοῦ,
619 3059 672 3123 καὶ
692 3058 745 3129 τὴν
762 3060 866 3150 μωράν
883 3057 996 3130 ἐκείνην
1020 3059 1173 3123 ἀπείθειαν
1196 3056 1387 3142 ἐταλάνιζον,
1413 3061 1465 3124 καὶ
1493 3068 1497 3079 ’

371 3172 499 3263 πρώτως
519 3165 656 3262 ἠρξάμην
673 3177 832 3234 κατανοεῖν
855 3169 929 3245 οίοις
945 3165 1053 3244 δεινοῖς
1070 3166 1196 3243 ἑαυτούς
1219 3169 1246 3233 οἱ
1262 3193 1466 3262 προςκεκρου-

373 3283 458 3358 κότες
474 3290 538 3357 τοῖς
555 3282 718 3372 γεννήσασι
734 3279 978 3373 περιθάλλονσιν.
997 3262 1071 3346 Ᾰλλ’
1089 3280 1170 3367 ὅμως
1182 3315 1232 3328 -
1243 3283 1274 3345 τί
1288 3281 1348 3372 γάρ
1365 3281 1465 3368 μηκύ-

406 3490 417 3517 ’
427 3490 516 3541 Noster
526 3489 571 3541 eibi
581 3490 667 3541 similis
673 3490 737 3541 lliot.
748 3500 768 3540 t.
778 3492 787 3541 l
796 3527 802 3549 ,
812 3507 839 3556 ρ.
848 3491 906 3554 396,
935 3496 1050 3562 λαμπρός.
1071 3491 1137 3554 Quos
1159 3490 1228 3541 loooe
1251 3499 1388 3556 opportune
1407 3491 1466 3540 mihi

374 3572 526 3637 θιναυαφίῳ
544 3580 650 3639 χρῶνται
667 3570 743 3637 δεινῷ·
757 3569 843 3620 αὐτίκα
861 3576 908 3639 γὰρ
935 3570 1081 3620 ministravit
1114 3571 1142 3618 t.
1172 3568 1288 3618 Dindorfii
1317 3568 1466 3620 Thesanmm

373 3649 440 3699 ὦδινι
450 3653 518 3714 μῖνὴ
530 3652 647 3709 θάλασσα,
659 3656 698 3699 καὶ
708 3652 843 3699 κατέθαινιν
854 3645 907 3698 ‘nt-
935 3649 1089 3698 Didotianum
1107 3647 1206 3698 ditantis
1222 3645 1316 3696 erudito
1332 3646 1465 3713 diligentia.

373 3731 511 3786 ληςιιιντίας
518 3731 638 3797 λαμπρός,
649 3733 688 3778 σὺν
696 3729 721 3778 δὲ
730 3732 829 3796 νεφέεσσι
837 3736 907 3790 γαῖαν
935 3725 1006 3776 Venti
1023 3726 1158 3792 epithetum
1176 3730 1282 3795 λαμπρός
1303 3726 1420 3776 illustravi
1441 3725 1467 3775 in

373 3810 431 3871 ὁμσῦ
441 3811 580 3869 καῖπόντον
591 3810 688 3873 κάλυψε.
700 3804 843 3856 lmitabatur
853 3804 906 3854 llo·
935 3806 1036 3855 Deleotu
1049 3805 1147 3856 Petrum
1159 3805 1319 3867 Sinneriano,
1330 3805 1362 3856 ad
1372 3805 1466 3872 Syneoii

373 3900 467 3935 merum
479 3883 527 3934 Οὐ.
540 3885 570 3945 5,
584 3886 631 3934 293
644 3903 651 3934 ε
664 3889 703 3933 σὺν
715 3885 741 3933 δὲ
753 3889 853 3952 νεφέεσσι
863 3888 907 3932 κά·
933 3882 1009 3934 verba
1031 3890 1096 3943 νότος
1126 3888 1320 3951 συνιπιλαμθάνιι
1347 3887 1465 3949 λαμπρός,

373 3966 440 4031 lodov
451 3969 526 4014 Γαῖαν
535 3968 594 4029 ὁμοῦ
606 3969 646 4013 καλ
661 3968 755 4014 πόντον.
765 3960 908 4013 Imitabatur
934 3979 960 4027 p.
978 3965 1035 4014 lot.

374 4051 400 4092 et
411 4041 542 4093 Aristidem
552 4043 688 4107 fragmento
698 4038 764 4107 quod
772 4038 908 4103 Hermoge·
967 4039 977 4067 '
988 4041 1086 4093 Schola
1098 4044 1212 4100 ἀντίθεσις
1227 4044 1274 4092 οἷον
1293 4043 1465 4098 ἀντιστατική,

342 4136 347 4145 ·
374 4120 579 4185 neetteFormis,
591 4124 667 4183 l,26‚
679 4120 793 4181 servavit,
808 4128 833 4169 et
843 4117 907 4169 male
933 4119 1091 4188 καὶέκφρασις
1103 4127 1276 4184 τούχειμῶνος.

374 4199 454 4251 omisit
469 4201 494 4250 in
508 4200 712 4251 Testimoniorum
728 4198 827 4264 Sylloge
845 4195 908 4247 leb-
967 4196 1023 4245 'lle
1036 4208 1114 4247 morte
1129 4197 1154 4246 in
1171 4196 1241 4247 undis
1258 4197 1328 4247 locus
1344 4203 1382 4244 oet
1400 4194 1465 4245 lectu

374 4277 435 4329 bine.
450 4278 492 4329 sic
504 4278 569 4328 onim
581 4277 699 4328 Aristides
717 4297 723 4328 ι
796 4277 851 4346 ἄρτι
864 4282 908 4341 μιν
933 4274 1124 4340 elegantissimus
1141 4275 1238 4342 Syneeii
1253 4276 1301 4342 Ep.
1321 4275 1350 4332 l,
1365 4273 1406 4325 ubi
1424 4275 1467 4324 in-

373 4363 419 4426 χδιρ
439 4361 558 4414 συνιούσης
579 4368 621 4416 τῆς
639 4364 774 4423 ναυμαχίας
792 4357 871 4406 ὤδινεν
892 4360 906 4413 ἡ
932 4354 993 4420 spici
1005 4353 1095 4417 polerit
1112 4353 1237 4405 adnotatio
1250 4369 1305 4408 mea
1325 4354 1351 4405 ln
1365 4353 1465 4405 Delectu

374 4440 478 4487 θάλασσα
503 4441 542 4487 καί
572 4438 704 4487 κατίθαινιν
732 4432 907 4494 Ἑλληςποντίας
933 4431 1087 4494 simoniam,
1101 4450 1128 4498 p.
1139 4435 1197 4485 468.
