3684 5659
429 597 451 664 8
503 576 506 580 “
765 606 799 664 r.
828 605 902 666 Tor
927 600 1183 666 πκκικπνονν

340 762 355 787 ⁹
427 738 532 813 κλέους
549 740 633 805 οἰκία
655 736 781 813 πολλοὺς
803 737 928 828 ἐρεθίσει
949 739 1023 830 πρὸς
1045 741 1148 826 μοίχην
1166 740 1218 803 καί
1241 738 1362 814 ἱκανοὺς
1382 746 1435 814 τῆς
1454 763 1520 804 πα-

427 844 529 940 τρίδος
546 848 670 924 ὁπλίτας
687 851 848 941 ἀποφανεῖ.

475 959 534 1029 Τήν
549 964 621 1050 γοῦν
638 959 710 1047 ε’μήν
726 961 791 1050 περί
809 960 862 1029 τήν
878 959 964 1024 πόλιν
980 962 1165 1050 προμήθειαν
1181 964 1234 1026 καί
1254 963 1288 1026 τὸ
1306 959 1378 1052 ὑπὲρ
1395 970 1449 1037 τῆς
1465 987 1523 1028 πα-

427 1066 529 1161 τρίδος
545 1066 753 1158 κηδεμονικόν,
769 1072 878 1146 πάντες
895 1070 961 1158 μέν,
978 1071 1018 1145 ὡς
1036 1071 1133 1155 εἰκός,
1147 1074 1199 1136 καί
1218 1071 1332 1159 μᾶλλον
1349 1067 1394 1148 οἷς
1410 1072 1523 1165 εὐγνώ-

428 1204 491 1269 μων
508 1183 527 1252 ἡ
543 1183 717 1273 προαίρεσις
733 1183 785 1246 καὶ
804 1180 975 1271 φιλόπολις,
997 1177 1089 1265 οἶδα,
1108 1183 1333 1269 θαυμάσονται.
1351 1185 1410 1247 Καὶ
1431 1183 1521 1260 αὐτὸς

430 1288 464 1356 δέ
481 1292 496 1357 5
513 1292 618 1368 Φίλιος
631 1291 720 1376 Ζεύς,
737 1285 1009 1380 ᾧσυνωνομοίσθην
1020 1288 1100 1383 ἐγὼ1
1116 1291 1205 1383 ψήφῳ
1222 1302 1275 1368 τῆς
1291 1291 1439 1386 ὑμετέρας
1452 1292 1523 1380 βον-

428 1402 498 1486 λῖνς,
525 1403 575 1468 τὸν
599 1404 724 1486 σκοπόν,
745 1403 785 1477 ὡς
803 1399 908 1489 οἶμαι,
931 1398 1175 1489 ἀποδεξάμενος,
1197 1405 1363 1494 κατήνεγκε
1379 1404 1429 1471 ,τὸν
1446 1429 1523 1476 σκη-

428 1514 513 1598 πτόν,
533 1513 592 1602 οὐχ
617 1513 654 1579 ἵν’
679 1509 782 1604 ἐλέγξῃ
809 1515 934 1597 κακίαν,
958 1512 1026 1578 ἀλλ’
1044 1513 1093 1576 ίνα
1116 1515 1273 1603 ρανερώσῃ
1297 1513 1350 1583 τήν
1367 1513 1439 1600 ἐμήν
1456 1517 1522 1606 ἀρε-

429 1627 494 1709 τήν,
514 1621 617 1695 ἐπειδὴ
634 1625 739 1717 καιρός
760 1624 815 1689 οὐκ
831 1619 865 1695 ήν
882 1628 1026 1714 φανεροῦν
1040 1621 1090 1710 ἐμὲ
1106 1625 1159 1694 τήν
1177 1625 1365 1715 προαίρεσιν.

476 1737 571 1811 Μόνος
593 1732 622 1800 δ’
646 1727 732 1810 οὗτος
755 1736 769 1799 5
792 1732 950 1819 βάσκανος
970 1737 1021 1829 καί
1046 1735 1157 1826 ρίλερις
1179 1737 1335 1827 ἅνθρωπος
1356 1737 1521 1828 περιτρέπει

429 1870 478 1932 μοι
499 1848 533 1912 τὸ
551 1847 657 1931 καλόν,
682 1849 734 1912 καί
753 1841 928 1938 τυραννίδος
945 1845 1076 1910 ἐπίθεσιν
1095 1844 1219 1939 ἐγκαλεῖ
1233 1854 1277 1932 τῷ
1292 1843 1366 1938 ὑπὲρ
1385 1852 1438 1911 τοῖν
1458 1856 1522 1923 πῶς

429 1957 466 2039 διν
484 1959 614 2028 συσταίη
633 1953 728 2045 δῆμος
744 1955 992 2048 προμηθουμένῳ.
1012 1959 1071 2020 Καί
1094 1956 1139 2021 ότι
1158 1957 1211 2044 μέν
1232 1956 1297 2022 ἐστι
1313 1961 1451 2050 τυραννίς
1468 1959 1522 2024 λέ-

429 2091 495 2157 γει,
524 2069 617 2155 κάμοί
641 2070 804 2160 προςοῖπτει
827 2068 861 2131 τό
886 2067 1046 2158 ἔγκλημα·
1076 2069 1106 2131 τί
1127 2063 1161 2131 δέ
1184 2068 1218 2132 τό
1242 2077 1396 2159 παριστῶν
1420 2093 1456 2156 με
1483 2073 1522 2134 τότ

428 2185 487 2243 τῶν
503 2181 651 2267 τυράννων
669 2188 782 2271 φρονεῖν
800 2176 854 2242 οὐκ
865 2181 937 2266 ’ἔχει
957 2180 1119 2270 παροίγειν,
1138 2178 1196 2244 κόιν
1213 2173 1395 2270 διαρραγείη
1411 2177 1523 2270 λέγων’

430 2287 475 2353 ε’πί
500 2294 552 2354 τοῦ
573 2286 724 2377 βήματος.
750 2288 824 2354 Εἰπὲ
845 2292 918 2381 γάρ·
929 2306 1002 2377 μοι·
1023 2285 1125 2377 ἐχεις8
1145 2289 1360 2381 προθαλέσθαι
1375 2292 1443 2354 τινόι
1466 2289 1521 2356 εἴτ’

430 2397 592 2492 ἐλεύθερον,
612 2407 670 2465 εἴτε
686 2403 739 2465 καὶ
756 2396 875 2485 δοῦλον,
892 2406 951 2464 είτε
968 2402 1110 2489 τινὰτῶν
1127 2402 1256 2485 οἰκείων,
1272 2406 1331 2464 εἴτε
1343 2408 1402 2464 τῶν
1418 2397 1519 2486 ξένων,

431 2512 507 2574 ἔστω
527 2506 561 2574 δέ
581 2535 615 2602 γε
636 2513 687 2577 καί
708 2519 766 2577 τῶν
784 2511 911 2602 ἐχθρῶν,
932 2504 956 2598 ᾧ
976 2507 1104 2582 δήποτε
1126 2513 1192 2602 περί
1211 2506 1385 2600 τυραννίδος
1402 2509 1521 2576 ἐκοινο-
1564 2512 1567 2517 ’

430 2620 580 2712 λογοόμην
607 2621 686 2712 ἐγώ;
708 2622 868 2713 Παρελθὼν
893 2613 979 2696 οὗτος
1002 2621 1171 2712 ἐλεγχέτω,
1198 2621 1309 2712 λεγέτω
1336 2619 1365 2684 ἐν
1391 2628 1434 2708 τῷ
1459 2619 1522 2708 ἐμῷ

430 2730 524 2817 τούτῳ
542 2726 660 2813 θδατιί,
680 2733 767 2821 κάγὼ
783 2734 991 2816 σιωπήσομαι.
1012 2734 1073 2794 Καί
1091 2755 1137 2794 τοι
1154 2756 1189 2820 γε
1207 2722 1294 2806 οὗτος
1312 2731 1326 2794 5
1344 2732 1453 2822 τρόπος
1469 2739 1522 2806 τῆς

431 2840 636 2930 κατηγορίας,
660 2834 753 2913 οὕτως
775 2836 860 2924 ὑμεῖς
880 2841 988 2929 κρίνειν
1012 2839 1212 2925 ὀμωμόκατε,
1233 2835 1327 2912 οὕτως
1350 2842 1522 2928 εἰςοίγονται

430 2952 469 3014 τὰ
492 2949 690 3041 ἐγκλήματα·
711 2948 802 3036 ἐτυψέ
823 2948 861 3035 μέ
882 2973 947 3026 τις;
966 2949 1018 3011 καί
1042 2948 1057 3012 5
1082 2951 1281 3040 μαρτυρήσων
1306 2947 1518 3039 παρέστηκεν·

431 3052 517 3138 οὗτος
537 3056 685 3152 προδότης
704 3068 757 3135 τῆς
776 3058 912 3136 πόλεωςς
936 3060 989 3123 καὶ
1014 3058 1029 3123 5
1055 3061 1203 3150 συνίστωρ
1228 3054 1313 3123 ίδοό·
1340 3049 1425 3135 οὗτος
1447 3056 1521 3136 δός-

430 3197 517 3252 νους;
532 3174 583 3237 καί
600 3167 734 3236 σύνοιδεν
752 3172 898 3263 ὁπαρών.
917 3169 958 3235 Σίν
976 3167 1006 3235 δ’
1024 3169 1125 3261 ὅμοιον
1142 3180 1237 3246 ποιεῖς
1257 3170 1351 3263 ὥςπερ
1372 3172 1408 3237 διν
1426 3175 1451 3236 εί
1468 3175 1521 3237 καί

431 3279 598 3375 προδοσίας
616 3283 746 3377 ἐγροίφου
766 3285 816 3349 τόν
837 3283 942 3359 νυκτὸς
965 3285 1017 3355 τήν
1039 3283 1125 3348 πόλιν
1144 3282 1339 3376 ἐπιτηροῦντα
1357 3279 1387 3360 ἐξ
1405 3283 1522 3360 εὐνοίας

465 3562 554 3612 ¹Theo
573 3563 703 3628 Progymn.
721 3579 744 3613 c.
762 3566 791 3622 8,
805 3564 819 3610 8
835 3566 963 3630 τΠερικλῆς
989 3558 1521 3631 ὈλίνμπιονπροςρηθίντακατὰτοιῦτόιτῷΔιί;

430 3637 558 3706 Ὀλύμπιος
571 3643 617 3691 ἀπὸ
637 3653 678 3700 τῆς
694 3645 716 3692 ἐν
733 3652 782 3699 τοῖς
798 3647 963 3709 κατορθώμασι
1024 3639 1088 3692 ’sic
1113 3642 1202 3691 Noster
1230 3641 1297 3691 Decl.
1322 3642 1373 3704 lu,
1394 3641 1448 3690 Vll.
1478 3642 1523 3690 De·

431 3724 612 3784 μεγαλειότητος
625 3723 808 3785 ἐπικεκλημένος.
826 3722 903 3771 Locos
922 3736 964 3770 au·
990 3718 1205 3769 mosthenesCteS.
1218 3719 1234 3784 ς
1247 3722 1261 3767 8
1273 3719 1336 3768 τοῖνδ’
1347 3721 1375 3768 ἂν
1383 3725 1410 3768 σίν
1421 3721 1523 3790 διαῤῥα-

432 3808 525 3848 ctorum
533 3798 592 3848 alios
600 3797 631 3847 de
639 3799 732 3849 Pericle
740 3799 851 3866 Olympio
860 3798 964 3864 adposui
990 3811 1031 3868 γῇς
1051 3799 1196 3862 ψευδόμενος.
1214 3795 1251 3846 lbi
1271 3795 1344 3846 codd.
1359 3798 1523 3865 διαρραγείης,

431 3878 457 3926 in
471 3875 566 3925 Anecd.
579 3892 606 3941 p.
621 3877 678 3927 359.
693 3877 742 3928 Sed
754 3878 853 3927 decreto
865 3875 964 3943 publico
991 3875 1057 3942 quod
1068 3875 1229 3940 Pachymeres
1238 3873 1327 3938 legisse
1340 3873 1443 3923 videtur.
1457 3875 1523 3926 Psel-

431 3953 457 4003 id
469 3954 543 4004 fuisse
557 3970 692 4018 cognomen
709 3954 811 4004 inditum
823 3970 871 4004 non
884 3970 965 4004 nove-
990 3954 1028 4004 lus
1040 3955 1130 4020 Opusc.
1142 3969 1167 4017 p.
1182 3953 1228 4002 179
1241 3971 1247 4001 ι
1260 3953 1399 4020 διαρραγιίη
1409 3954 1523 4017 ψιυδόμε·

432 4048 492 4083 ram.
509 4033 574 4084 Infra
585 4049 628 4099 pp.
644 4034 683 4094 14,
700 4035 739 4094 15,
751 4049 833 4082 rursus
845 4044 965 4083 memorat
991 4053 1036 4091 νος.
1069 4033 1103 4083 lbi
1137 4042 1202 4081 nota.
1232 4030 1350 4080 Aristides
1384 4030 1450 4080 Orat.
1473 4033 1521 4092 49,

433 4121 475 4169 τήν
484 4112 626 4181 ψήρον.1λιιντ
635 4112 965 4163 eifuissevideturAristides
991 4129 1018 4178 p.
1044 4113 1091 4161 498
1115 4132 1121 4160 z
1146 4112 1220 4177 ὥςπερ
1244 4116 1269 4158 σὲ
1288 4112 1371 4177 ῥηγνὺς
1392 4112 1523 4170 ἐξεπίτηδες

433 4190 497 4241 Orat.
518 4195 563 4251 53,
585 4208 611 4256 p.
636 4193 693 4243 630.
713 4192 747 4245 De
767 4191 873 4256 praemiis
889 4205 964 4254 agens
991 4196 1149 4258 προςτῖθησιν.
1173 4189 1247 4238 Multa
1269 4189 1335 4254 apud
1354 4189 1466 4242 Gazaker.
1492 4191 1522 4241 ad

432 4283 486 4333 ποτε
509 4270 614 4334 populus
636 4271 728 4321 civibus
747 4270 778 4320 de
801 4269 879 4336 patria
901 4269 964 4319 bene
991 4270 1125 4330 Anton.8‚
1140 4269 1165 4316 4.

433 4348 525 4397 meritis
540 4349 596 4398 olim
611 4350 731 4409 donabat,
740 4354 852 4419 Περικλέα
864 4350 902 4407 δέ,
915 4348 962 4409 ait,
1025 4347 1034 4373 ³
1045 4347 1140 4398 Schola
1152 4349 1251 4410 ἐλέγχων
1264 4348 1401 4407 ἀπαίτησις.

432 4433 471 4476 τὸν
486 4427 620 4478 Ξανθίππου
635 4435 670 4484 τίς
689 4428 728 4478 οίνκ
741 4429 792 4478 οἶδε
808 4439 854 4478 τῶν
870 4432 964 4478 πάντων
1025 4424 1109 4475 *Vide
1123 4440 1148 4474 n.
1162 4427 1193 4486 θ,
1207 4440 1233 4489 p.
1249 4428 1273 4475 4.
