3684 5659
814 579 971 642 ΜΕΛΕΤΗ
996 569 1041 641 A'.
1428 575 1467 643 Η

377 721 471 801 ἔστιν,
498 712 562 792 ε’ξόν
587 715 788 805 ἀγαπᾶσθαι,
815 713 848 776 τὸ
874 714 1031 798 μισεῖσθαι
1060 713 1240 804 προκρίνειν,
1266 712 1318 776 καί
1344 710 1475 803 εὐφήμου

378 822 468 903 δόξης
495 823 708 890 ἀπαλλάττειν
735 817 885 912 δόςφημον
908 825 1023 907 όνομα;
1047 823 1199 892 Ζητήσατε
1222 821 1272 885 τὸν
1300 823 1476 912 παρήκοντα

356 916 367 931 ’
378 938 501 1029 χρόνον,
527 933 718 1027 παρακαλῶ,
742 935 766 996 εί
783 931 956 1023 τυραννικὸς
979 930 1039 1020 ε’γῶ
1057 930 1127 995 κατ’
1146 931 1256 997 ἐκεῖνον
1277 933 1329 996 καὶ
1349 928 1473 1016 βίαιος,

376 1051 403 1112 εί
421 1048 463 1134 μὴ
482 1043 645 1134 δημοτικὸς
662 1046 714 1108 καὶ
736 1041 907 1134 φιλόπολις,
931 1044 955 1105 εί
974 1047 1075 1128 μεῖζον
1093 1047 1184 1131 ἔσχον
1203 1047 1284 1108 κατά
1301 1067 1380 1118 τινος
1398 1045 1474 1134 φρό-

377 1183 472 1245 νημα,
500 1160 525 1222 εί
546 1155 687 1246 λαμπράν
710 1155 762 1218 καὶ
788 1151 860 1244 ὑπὲρ
883 1153 940 1227 τάς
961 1159 1020 1216 τῶν
1045 1152 1143 1217 ἀλλων
1164 1155 1217 1224 τὴν
1242 1157 1341 1219 οἰκίαν
1360 1149 1477 1241 ᾠκοδο-

378 1267 510 1356 μούμην,
530 1267 582 1330 καί
601 1264 723 1339 πολλοῖς
740 1263 925 1356 ἐθρυπτόμην
942 1271 1005 1338 τοῖς
1024 1263 1220 1348 ἀκολούθοις,
1239 1267 1291 1329 καί
1314 1263 1475 1329 ἀνεσόθουν

380 1378 409 1443 ἐν
431 1388 501 1454 ταῖς
528 1373 611 1452 ὁδοῖς
635 1371 842 1467 διερχόμενος.
870 1379 975 1437 Ταῦτα
999 1383 1111 1460 σημεῖα
1133 1376 1253 1464 γνώμης
1274 1382 1474 1466 τυραννικῆς,

380 1494 478 1555 ταῦτα
499 1489 670 1579 μοναρχίας
690 1483 861 1575 δείγματα,
886 1486 938 1548 καί
960 1489 1012 1548 τοῦ
1033 1485 1085 1554 τὴν
1106 1480 1202 1550 ὠδῖνα
1224 1493 1277 1560 τῆς
1293 1487 1405 1560 κακίας
1427 1483 1473 1549 ἐπὶ

381 1604 488 1691 καιροῦ
507 1595 630 1690 ἐκρῆξαι
647 1593 811 1681 βούλεσθαι
827 1597 986 1686 τεκμήριον
1005 1596 1203 1661 ἱκανώτατον.

430 1689 515 1772 Ᾰλλά
532 1710 561 1771 τί
576 1731 611 1798 γε
628 1704 703 1770 ἀλλο
718 1706 752 1769 τὸ
773 1704 899 1796 ε’πρρκὸς
918 1701 971 1768 ἀν1
992 1705 1065 1796 πρὸς
1082 1701 1257 1797 τυραννίδος
1275 1704 1422 1783 ἐπίθεσιν;
1441 1705 1475 1768 τὸ

380 1817 517 1884 πλουτεῖν
529 1815 720 1903 γβοόλεσθοιις
739 1817 790 1880 καὶ
809 1818 880 1902 μήν,
896 1822 975 1905 είπερ
989 1815 1126 1880 πλουτεῖν
1145 1816 1312 1906 ὠρεγόμηυ,
1335 1814 1390 1880 οὐκ
1408 1814 1475 1879 ὀλί-

381 1954 436 2019 γαι
455 1954 507 2015 μοι
523 1929 595 2020 πρὸς
610 1933 699 1991 τοῦτο
712 1929 877 2019 προφάσεις
893 1934 929 2015 τῇ
947 1926 1025 2015 τύχῃ
1039 1923 1307 2017 ἐσχεδιάσθησαυ·
1325 1923 1409 2016 εἶχον
1422 1927 1474 1990 καὶ

382 2038 415 2103 ἐκ
432 2046 492 2103 τῶν
508 2026 747 2129 προςπιπτόντωῗν
763 2036 899 2125 πολέμων
914 2039 1091 2130 πορίζεσθαι
1112 2040 1258 2130 χρήματα
1273 2059 1282 2075 ·
1303 2035 1386 2127 εἶχον
1398 2038 1478 2124 λαμ-

382 2147 482 2214 θάνειν
504 2151 557 2221 καὶ
578 2147 651 2241 παρ’
669 2147 751 2235 ὑμῶν
774 2147 890 2232 αὐτῶν,
910 2149 956 2223 ,ὡς
979 2151 1137 2240 ἀριστειῶν
1169 2149 1285 2214 ἔπαθλα
1308 2167 1316 2182 ·
1343 2148 1411 2213 ἀλλ’
1434 2141 1477 2221 εἷς

383 2285 432 2346 μοι
456 2260 586 2334 πλοῦτος
611 2255 710 2334 ἔδοξεν
735 2259 837 2333 ἱκανὸς
862 2260 914 2323 καὶ
941 2269 1004 2334 τοῖς
1028 2259 1110 2346 ε’μοῖς
1133 2259 1300 2351 αὐτάρκης,
1326 2262 1346 2332 ἥ
1368 2258 1396 2322 τ’
1420 2257 1476 2345 ἐμὴ

382 2371 454 2460 πρὸς
475 2371 527 2435 τὸν
548 2365 644 2457 δῆμον
666 2370 766 2433 εὔνοια
782 2371 834 2434 καί
852 2371 871 2440 ἡ
892 2369 946 2435 ἀπ’
964 2369 1076 2435 ἐκείνου
1095 2370 1185 2435 πάλιν
1205 2368 1382 2461 ἀγάπησις’
1403 2371 1477 2460 πρὸς

384 2479 522 2567 ἐμέ.Καῖ
540 2479 635 2569 ταύτῃ
653 2481 788 2566 συζῴην·
806 2483 864 2545 είθε
881 2477 955 2545 καὶ8
969 2480 1063 2569 ταύτῃ
1081 2506 1115 2571 γε
1133 2480 1362 2567 συναπέλθοιμι.

432 2571 524 2682 Ε’γῶι
538 2585 571 2654 δὲ
589 2585 679 2654 δέδια
696 2590 737 2676 μὴ
753 2585 798 2666 οἷς
814 2593 1030 2681 ἀναγκάζομαι
1047 2590 1209 2682 λέγεινκαὶ
1227 2593 1292 2681 περὶ
1312 2599 1365 2665 τῆς
1385 2586 1478 2654 δυνά-

384 2727 464 2789 μεως
482 2710 536 2776 τῆς
555 2699 645 2803 ἐμῆς,
664 2701 700 2772 ἢν
718 2703 758 2776 ὡς
776 2702 884 2794 ὀχυρόν
904 2728 931 2766 τι
951 2706 1119 2792 μηχάνημα
1136 2705 1218 2768 κοιτά
1235 2711 1287 2777 τῆς
1310 2702 1382 2790 ἐμῆς
1398 2729 1476 2794 προ·

384 2812 529 2905 αιρέσεως
546 2811 561 2876 ὃ
577 2814 746 2901 κατήγορος
762 2813 863 2884 ’ίστησι
873 2861 883 2898 ,
903 2814 1019 2889 τούτοις
1039 2817 1093 2879 καί
1109 2840 1137 2878 τι
1155 2823 1213 2880 τῶν
1231 2815 1478 2906 ἀπορρητοτέρων

383 2918 581 3013 φθέγξομαίθ,
605 2921 621 2986 ὃ
647 2917 730 3010 ᾔδειν
756 2920 809 3009 μὲν
834 2925 953 3000 πάντως
976 2904 1149 3015 γιγνόμενον
1173 2925 1220 2990 ἐπ’
1247 2924 1327 3012 ἐμοί,
1356 2925 1479 3014 ἐπῄνουν

386 3027 414 3096 δ’
433 3031 463 3108 ἐς
481 3034 527 3097 ἀεί
547 3033 600 3102 τὴν
620 3031 752 3098 ἐπίνοιαν
769 3035 809 3108 ῶς
827 3034 892 3098 οἵαν
905 3046 940 3099 τε
964 3037 1070 3112 σώζειν
1094 3037 1147 3107 τὴν
1168 3045 1221 3111 τῆς
1245 3035 1392 3126 ἡμετέρας
1415 3062 1477 3098 κα-

385 3146 532 3208 τάστασιν
549 3143 664 3217 πόλεως
674 3189 684 3226 ,
704 3145 755 3207 καὶ
775 3142 846 3232 οὐχ,
866 3143 911 3213 ότι
930 3140 1001 3234 δόξῃ
1019 3155 1107 3233 τιμῆς
1123 3149 1209 3237 παρά
1227 3146 1345 3211 πολλῶν
1363 3144 1481 3236 ε’τηροό-

386 3277 455 3340 μην,
481 3253 613 3320 ἐκάκισα
635 3253 773 3341 πώποτε,
795 3254 877 3339 ἀλλ’,
904 3254 949 3320 ὅτι
971 3259 1056 3348 παρὰ
1078 3258 1194 3322 πολλῶν
1218 3254 1302 3345 εἶχον
1321 3257 1358 3320 ἀν
1382 3256 1422 3329 ὡς
1444 3255 1479 3336 τό

325 3372 328 3377 ’
387 3365 465 3439 εἰη-ὸς
495 3367 737 3457 μαρτυρεῖσθαι,
771 3360 884 3452 μᾶλλον
920 3369 1091 3457 ἠγάπησα,
1127 3370 1179 3431 καί
1210 3350 1375 3458 ’φρονίμους
1408 3365 1480 3430 ε’λο-

387 3477 513 3564 γιζόμην
542 3475 612 3551 τοὺς
643 3478 677 3542 τὸ
705 3476 797 3541 καλόν
832 3480 919 3542 παντί
956 3478 1050 3542 σθένει
1082 3471 1337 3569 πολυωροῠνταςΒ
1363 3476 1476 3567 παρόν,

421 3766 429 3792 ¹
440 3767 501 3818 Num
514 3769 542 3818 ἂν
556 3769 615 3825 dn?
984 3766 994 3792 ⁰
1007 3766 1087 3816 Utitur
1100 3776 1126 3816 el
1134 3765 1243 3817 Declam.
1257 3765 1290 3815 lV
1303 3766 1377 3817 verbo
1387 3770 1482 3818 πολυω-

367 3826 377 3845 ⁴
420 3838 571 3911 'Gregorius
599 3846 627 3894 D.
652 3843 702 3894 Δεῖ.
724 3844 741 3911 §
766 3847 808 3906 14,
832 3860 922 3895 nomen
949 3854 1012 3915 ρετυ,
1034 3857 1107 3911 atque
1129 3845 1191 3895 Hist.
1214 3845 1247 3894 M.
1268 3846 1366 3896 Palaeol.
1387 3848 1412 3905 ί,
1434 3849 1480 3906 25,

390 3925 505 3988 ἀγάπησις
514 3924 600 3975 Atticis
608 3924 699 3974 tribuit.
709 3924 758 3974 Sed
767 3925 823 3974 viris
831 3925 921 3975 criticis
948 3941 975 3991 p.
994 3926 1039 3973 307
1052 3945 1058 3974 :
1069 3929 1193 3993 πφλυωρῶν
1210 3928 1293 3975 ἐκεῖνον
1312 3931 1429 3989 συχνάκις.
1444 3924 1483 3975 lbi

389 4002 450 4054 hanc
462 4020 511 4054 non
524 4003 637 4070 probavit
653 4004 761 4068 regulam
779 4003 919 4068 Gregorius.
947 4002 1067 4053 scholium
1094 4023 1100 4052 ι
1128 4010 1268 4072 φροντίζων,
1294 4004 1481 4066 ἐπιμελούμενος.

390 4081 532 4149 Exemplum
554 4099 585 4133 ex
599 4083 708 4149 'AEsopia
729 4082 820 4134 Fabula
837 4082 920 4134 'delevi
948 4081 1038 4132 Rursus
1053 4080 1163 4131 Andron.
1174 4083 1203 4141 5,
1214 4083 1260 4140 32,
1273 4096 1299 4144 p.
1313 4082 1359 4129 ⁴53
1372 4099 1378 4128 ι
1392 4086 1419 4129 τὸ
1430 4086 1482 4130 πά-

389 4160 419 4210 ad
428 4146 526 4212 Chofie.
542 4179 569 4227 p.
582 4163 638 4213 335.
949 4165 985 4218 θος
998 4167 1037 4208 καί
1053 4159 1122 4208 αθτὸν
1133 4170 1179 4210 τῶν
1190 4167 1247 4226 πρὸς
1259 4166 1286 4208 τὸ
1297 4167 1337 4227 ζῇν
1347 4161 1482 4227 ἀποροῦντα

421 4238 515 4299 ⁸C0d.‚
527 4243 680 4305 συζώηνείθε·
695 4229 776 4292 καλ...
949 4243 1053 4296 θητείαις
1065 4238 1155 4295 ἐδίδου,
1169 4239 1200 4285 δι’
1215 4240 1244 4286 ῶν
1257 4237 1416 4304 ὶπωλυωρεῖτο
1432 4249 1482 4298 τοῖς

421 4314 536 4370 ⁴'Schola
549 4321 655 4387 Mms.
949 4320 1093 4381 ἀναγκαίοις.
1111 4315 1147 4365 lbi
1159 4313 1280 4365 scholium
1292 4335 1299 4364 ι
1313 4317 1426 4381 θητείαις]
1440 4319 1482 4386 ἐρ-

421 4388 582 4448 ’3ἰυοοδθι.
860 4449 865 4457 ,
949 4401 1060 4460 γάζεσθαι
1076 4397 1113 4445 ἐπί
1132 4399 1218 4463 μισθῷ.
1231 4421 1257 4430 -·
1269 4396 1352 4460 ἐπωλ]
1369 4400 1482 4462 ἐπεμέλε-
