3684 5659
766 603 923 663 ΜΕΛΕΤΗ
949 593 994 664 Α’.
1383 602 1428 672 19

332 735 419 815 ἀξια.
442 739 501 802 Καί
521 736 649 825 ε’μαυτὸν
667 733 755 812 δείξω
773 744 826 811 τῆς
839 735 995 826 παρούσης
1012 741 1197 827 κατηγορίας
1215 738 1373 830 ἀνώτερον,
1395 741 1428 805 οῦ

330 850 472 924 ταπεινὸς
493 853 663 940 φανοῦμαι,
683 846 742 935 οῦχ
765 842 922 921 ῦποπτηξω
945 841 1197 933 δοκιμαζόμενος·
1219 846 1286 912 ὅλον
1303 849 1429 940 παρέχω

330 961 382 1025 τὸν
404 959 551 1053 Περικλῆν
572 962 614 1035 είς
634 955 782 1034 ἐξέτασιν.
802 960 925 1051 Χροῖσθε
944 966 980 1047 τῇ
1004 957 1073 1050 pap
1093 961 1249 1050 ρρονίισει,
1271 957 1301 1036 ἐξ
1321 956 1357 1037 ἧς
1376 967 1428 1028 καὶ

1295 1049 1302 1069 2

330 1069 402 1147 τοὺς
420 1067 521 1146 ξένους
538 1071 685 1159 κρίνοντες
703 1067 761 1156 οῦχ
775 1069 963 1158 ἁμαρτάνετε
979 1073 1032 1132 τοῦ
1049 1072 1260 1160 προςήκοντος.
1281 1075 1429 1164 Ερευνοῖτε

239 1198 249 1211 “
331 1183 386 1254 τὴν
406 1181 478 1269 ἐμὴν
496 1182 577 1245 κατά
595 1181 700 1245 λεπτὸν
716 1178 882 1263 πολιτείαν,
902 1185 960 1242 εῖτε
977 1181 1150 1270 τυραννικὸς
1165 1180 1225 1270 ἐγώ
1245 1191 1308 1257 τοῖς
1325 1182 1430 1260 ἀλλοις

865 1269 871 1289 ,

332 1295 386 1358 καί
403 1289 525 1376 βίαιος,
546 1297 603 1355 εἴτε
624 1292 675 1355 καὶ
697 1289 829 1382 μέτριος.
850 1294 993 1379 Ερωτᾶτε
1009 1288 1078 1366 τοῦς
1097 1290 1208 1382 ε’γγῦς,
1224 1291 1293 1368 τοῦς
1306 1296 1426 1385 πόρρω,

332 1403 404 1478 τοῦς
418 1402 512 1487 ἐντός,
523 1400 593 1476 τοῦς
606 1400 691 1477 ἐκτός
704 1419 712 1435 ·
730 1400 788 1488 οῦχ
800 1399 1015 1492 ῦθριοπαθησω
1028 1401 1158 1486 τούτοις,
1173 1402 1207 1467 οῦ
1219 1403 1427 1495 περιαλγήσω,

334 1513 394 1597 ότι,
415 1510 483 1578 δέον
502 1511 627 1587 ἑαυτοὺς
641 1511 767 1603 ἐρωτᾷν,
786 1510 904 1603 ἑτέρους
918 1515 1033 1586 ζητεῖτε
1046 1515 1166 1599 μαθεῖν.

383 1626 420 1687 Εἰ
438 1621 492 1710 μὲν
509 1613 559 1687 οῦν
578 1618 608 1698 ἐξ
630 1621 729 1686 ἄλλων
752 1619 961 1711 κατακρινεῖτέ
978 1645 1035 1708 με,
1061 1622 1101 1696 ὡς
1119 1616 1244 1687 δικαίαν
1262 1623 1314 1692 τὴν
1333 1622 1430 1716 ψῆφον

335 1731 482 1821 δέξομαι,
502 1731 537 1797 οῦ
558 1734 767 1823 ζυγομαχήσω
786 1732 859 1822 πρὸς
876 1729 945 1806 τοῦς
963 1733 1082 1823 κριτάς,
1103 1730 1137 1795 οῦ
1155 1731 1243 1822 λόγον
1262 1730 1374 1824 γρῦξω,
1395 1735 1430 1800 οῦ

320 1845 431 1936 ,φίλοις
447 1846 624 1934 χρήσομαι,
640 1840 673 1907 οῦ
690 1836 806 1915 παῖδας
823 1839 1080 1928 άναῦιθάσομαιί,
1101 1841 1135 1906 οῦ
1152 1843 1253 1918 πόνοις
1269 1852 1333 1919 τοῖς
1349 1843 1432 1931 ἐμοῖς

336 1955 466 2043 ἐμαυτὸν
478 1951 676 2040 ἐξαιτήσομαι
690 1970 698 1988 ·
713 1955 737 2016 εἰ
751 1947 781 2015 δ’
795 1949 841 2016 ότι
855 1951 925 2016 κατ’
939 1949 1020 2016 οἷκον
1032 1954 1064 2016 αἱ
1078 1953 1241 2018 πανοπλίαι
1253 1980 1303 2041 μοι
1316 1959 1431 2027 θησαυ-

335 2067 406 2158 ρός,
421 2065 475 2131 οῦκ
492 2063 632 2156 ἔγκλημα
650 2062 811 2154 λογιοῦμαι
831 2068 933 2144 τοῦτο,
952 2060 1032 2129 ἀλλά
1048 2052 1162 2151 μᾶλλον
1180 2067 1219 2142 ὡς
1237 2067 1329 2132 καλὸν
1350 2072 1432 2160 ἀγα-

335 2180 442 2259 πίισω·
463 2177 520 2240 κάν
538 2181 567 2241 εί
583 2199 611 2238 τι
628 2175 734 2258 πάθω,
755 2170 866 2264 στέρξω
890 2173 1064 2252 πλειστάκις
1087 2175 1180 2265 ε’κεῖνο
1201 2177 1220 2248 ἢ
1244 2187 1302 2243 τῶν
1334 2178 1431 2245 όπλων

334 2296 408 2375 μιᾶς
421 2287 538 2377 ἡμέρας
558 2288 820 2376 ἀποστερησομαι.

384 2402 493 2474 Δεῦτε,
512 2404 757 2488 συστρατιῶται,
776 2391 883 2477 δεῦτε,
901 2397 1102 2488 πολέμαρχοι.
1119 2401 1155 2462 Εἰ
1175 2404 1228 2487 ζῇν
1243 2399 1321 2484 ὑμεῖς
1334 2399 1431 2465 ὅπλων

334 2511 431 2600 χωρὶς
450 2508 605 2600 ἀσφαλές,
632 2505 701 2571 κατ’
727 2505 798 2594 ἐμοῦ
821 2506 1124 2597 συνεπιψηφίσασθε·
1148 2505 1226 2573 εἰδὲ
1246 2507 1325 2600 βαρὺ
1343 2509 1429 2601 λογί-

336 2624 423 2697 ζεσθε
435 2626 537 2706 τοῦτο,
562 2621 603 2695 ὡς
628 2624 719 2683 ’όντων
741 2621 917 2709 ἀναγκαίων
938 2627 995 2683 τῶν
1016 2618 1126 2696 όπλων,
1149 2623 1200 2685 καί
1222 2621 1281 2709 οῦχ
1301 2616 1389 2692 ἦττον
1411 2624 1430 2694 ἢ

336 2736 491 2816 ἀναπνεῖν,
513 2733 713 2823 στρατιώταις
727 2724 793 2796 οῦσι
807 2734 858 2795 καὶ
873 2731 1014 2819 πολέμοις
1027 2729 1266 2820 ἐξεταζομένοις’
1284 2738 1432 2825 συχνάκις

336 2843 411 2936 ὑπὲρ
429 2853 481 2920 ταῖς
499 2845 635 2929 πόλεως,
656 2839 724 2908 δότε
742 2869 793 2929 μοι
810 2846 918 2936 θάρρος
936 2854 999 2919 τοῖς
1016 2844 1129 2934 λόγοις.
1152 2848 1295 2936 Χρήσατέ
1311 2874 1361 2934 μοι
1379 2848 1431 2918 την
1519 2848 1521 2853 ’

336 2956 437 3026 κοινὴν
454 2959 572 3047 φωνην·
591 2950 736 3030 διδάξατε
754 2955 806 3023 τὴν
824 2954 982 3045 φύσιντῶν
1000 2954 1118 3019 ὅπλων·
1137 2964 1238 3021 εἴπατε
1251 2962 1312 3022 τίσι
1332 2983 1430 3047 στρα-4

336 3069 445 3142 τιώτης
461 3064 658 3159 τεθάρρηκεθ.
677 3065 741 3129 Κάν
758 3064 911 3137 πείσητθ·
935 3070 959 3130 εἰ
979 3061 1075 3150 δὀῦν,
1096 3063 1220 3155 δέξομαι
1234 3071 1300 3135 τότε
1314 3072 1366 3140 τὴν
1386 3066 1432 3134 δί·

337 3193 391 3248 κην
407 3173 524 3261 ἡδέως,
543 3176 589 3242 ὅτι
606 3184 824 3268 στρατιωτικῆς
838 3175 993 3268 ἐμπειρίας
1009 3174 1113 3266 ῦπέχω
1129 3174 1236 3254 δίκας·
1254 3181 1311 3244 κάν
1325 3182 1432 3246 ἀπαλ-

337 3285 417 3364 λάξω
435 3298 559 3374 κακῶς,
580 3291 614 3354 οῦ
632 3292 661 3353 τί
684 3315 734 3376 μοι
758 3287 852 3374 μέλει.
873 3289 966 3354 Μόνον
987 3288 1056 3377 ὑμῖν
1079 3300 1217 3382 παραινῶ
1234 3289 1286 3355 ἕνα
1306 3293 1432 3357 πλοῦτον

337 3402 467 3486 νομίζειν
488 3401 527 3464 τά
548 3399 641 3485 όπλα,
660 3399 717 3463 κάν
740 3408 893 3490 κατηγορῇ
915 3424 960 3475 τις
987 3403 1112 3491 φθονῶν,
1138 3411 1270 3490 κρεῖττον
1291 3404 1432 3490 ἡγεῖσθαι

338 3512 510 3601 στερεῖσθαι
529 3512 582 3576 καὶ
606 3504 667 3584 τῆς
683 3513 761 3584 ζωῆς
783 3509 801 3578 ἢ
821 3512 1009 3599 στρατιώτας
1030 3508 1108 3595 ῦμάς
1128 3509 1259 3584 ἀόπλους
1281 3511 1332 3573 καί
1356 3505 1432 3593 εἶναι

339 3620 393 3683 καί
417 3618 569 3710 λέγεσθαι.

375 3813 453 3866 ‘Fuit
464 3829 562 3864 reorum
579 3829 633 3863 mos
651 3815 740 3870 παῖδας
755 3816 873 3864 ἀναθιθά-
900 3826 975 3874 κακῶς
989 3819 1118 3867 ἀκουόντων
1129 3822 1233 3885 λιπαρῶς
1243 3823 1356 3878 ζητοῦσαν
1368 3817 1435 3865 ἐκδί-

340 3897 430 3955 ζεεθαι.
442 3893 521 3943 Locos
530 3894 620 3959 protuli
636 3894 693 3942 olim
707 3910 733 3957 p.
747 3895 804 3942 371.
820 3894 873 3943 Pa·
900 3914 975 3950 κηοιν.
996 3895 1081 3945 Codex
1101 3912 1146 3961 pro
1164 3897 1270 3964 πατρίδα
1289 3895 1433 3959 scripturam

340 3971 468 4037 chymereu
483 3972 614 4037 Progymn.
632 3989 658 4036 p.
678 3974 740 4031 563,
752 3974 781 4021 λδ
794 3991 801 4020 z
814 3980 873 4029 τίνες
900 3982 968 4022 tenet
990 3974 1173 4023 memorabrlem
1192 3974 1313 4040 μητρίδα,
1334 3973 1434 4020 omnino

341 4047 379 4101 οῦν
397 4052 467 4102 αὐτὸν
483 4052 662 4112 ῖξαιτήόονταις
682 4052 779 4108 παῖδας
794 4051 843 4098 ἀλλ’
860 4055 873 4106 η
900 4052 1077 4113 reponendam.
1090 4052 1180 4100 Confer
1189 4051 1252 4099 infra
1262 4049 1370 4098 Declam.
1381 4065 1434 4098 sex·

341 4133 407 4187 πόλις
426 4135 457 4188 ὡς
468 4139 549 4198 μήτηρ
563 4130 621 4198 ὑπὲρ
642 4139 688 4180 τῶν
706 4129 798 4178 παίδων
812 4130 874 4190 ἀγα·
902 4127 1006 4177 1111111111)
1021 4129 1102 4177 finem-

308 4210 312 4216 '
340 4217 436 4266 νακτεῖ,
454 4216 508 4268 καί,
524 4212 612 4259 τοῦτων
631 4210 825 4276 λοιδορουμένων,
848 4206 874 4257 οῦ
934 4203 1025 4255 'Confi
1039 4206 1131 4254 initium
1141 4204 1326 4254 declamationis
1336 4221 1363 4268 p.
1379 4209 1401 4255 1.

341 4293 415 4357 ρῖρει.
425 4287 481 4338 Ὅτε
491 4293 545 4350 γοῦν
556 4290 641 4350 εῑςάγει
657 4288 744 4344 παῖδας
758 4289 790 4343 εἰς
802 4287 872 4345 ἔλεον,
935 4283 945 4308 ³
956 4283 1019 4332 Male
1032 4284 1118 4347 scripsi
1127 4283 1185 4332 olim
1196 4284 1338 4353 τεθάρρηκα.

341 4371 457 4434 πάρεστιν
468 4367 550 4416 ἐννοεῖν
562 4374 604 4423 τὴν
618 4366 722 4434 πατρίδα
732 4366 784 4421 ὃλην
796 4385 874 4429 μετα·
935 4362 946 4389 ⁴
957 4363 992 4412 De
1004 4362 1050 4412 hac
1058 4361 1138 4427 θΙΙίρεί
1151 4362 1209 4412 olim
1221 4363 1302 4413 monui
1315 4363 1339 4413 in
1353 4363 1436 4414 Auec-

342 4451 508 4511 σκεναζομίνην
519 4449 553 4504 εἰς
563 4453 590 4496 τὸ
608 4448 711 4507 ἐλεεινόν,
726 4450 766 4495 καί
783 4446 874 4495 παίδων
902 4443 966 4495 doris
978 4440 1020 4492 Gr.
1034 4453 1052 4492 t.
1065 4441 1096 4504 V,
1110 4458 1136 4506 p.
1153 4444 1210 4492 372.
