3684 5659
424 594 445 660 8
760 603 795 661 Γ.
824 602 897 662 ΤΟΥ
922 598 1179 662 ΠΑΧΥΜΕΡΟΥΣ

337 762 350 775 ⁶
422 734 527 809 κλέους
544 736 627 801 οἰκία
650 733 776 809 πολλοὺς
798 733 922 825 ἐρεθίσει
944 736 1018 825 πρὸς
1040 737 1143 822 μάχην
1162 737 1214 800 καί
1237 735 1357 811 ἱκανοὺς
1377 744 1430 810 τῆς
1449 761 1515 802 πα-

422 840 524 936 τρίδος
541 845 666 921 ὁπλίτας
682 848 843 936 ἀποφανεῖ.

472 956 529 1026 Τήν
545 961 617 1047 γοῦν
634 955 705 1043 ἐμήν
721 957 787 1047 περί
805 956 857 1026 τήν
874 955 960 1021 πόλιν
975 959 1160 1047 προμήθειαν
1177 960 1229 1023 καί
1249 960 1283 1023 τδ
1301 956 1373 1049 ὑπὲρ
1389 967 1444 1035 τῆς
1460 984 1518 1024 πα·

422 1062 524 1157 τρίδος
540 1063 749 1154 κηδεμονικόν,
765 1069 873 1142 πάντες
890 1067 956 1154 μέν,
974 1067 1014 1142 ὡς
1031 1069 1128 1151 εἰκός,
1143 1071 1194 1133 καί
1213 1069 1327 1156 μᾶλλον
1344 1064 1389 1144 οἷς
1405 1068 1518 1162 εὐγνώ-

423 1202 487 1264 μων
503 1180 522 1248 ή
538 1180 712 1269 προαίρεσις
729 1179 781 1243 καί
799 1178 971 1269 φιλόπολις,
992 1173 1084 1261 οἶδα,
1104 1180 1328 1265 θαυμάσονται.
1346 1183 1405 1245 Καὶ
1425 1181 1516 1258 αὐτὸς

425 1284 459 1353 δέ
476 1289 491 1353 5
509 1290 614 1365 Φίλιος
627 1289 715 1373 Ζεύς,
732 1281 1004 1376 ᾧσυνωνομάσθην
1015 1285 1096 1379 ἐγὼ1
1111 1288 1200 1380 ψήφῳ
1217 1299 1270 1365 τῆς
1286 1288 1433 1384 ὑμετέρας
1447 1289 1518 1377 βου-

424 1398 493 1483 λῆς,
519 1400 570 1464 τόν
594 1400 719 1482 σκοπόν,
740 1400 780 1474 ὡς
798 1395 904 1486 οἶμαι,
926 1395 1170 1485 ἀποδεξάμενος,
1192 1403 1358 1490 κατήνεγκε
1374 1401 1424 1468 τὸν
1440 1425 1518 1472 σκη-

423 1512 508 1595 πτόν,
528 1509 587 1599 οὐχ
612 1510 649 1575 ἵν’
674 1506 777 1600 ἐλέγξῃ
804 1512 929 1593 κακίαν,
953 1509 1088 1574 ἀλλ’ἵνα
1111 1512 1268 1600 φανερώοῃ
1292 1511 1345 1581 τήν
1362 1510 1434 1597 ἐμήν
1451 1515 1518 1603 άρε-

424 1624 489 1706 τήν,
509 1617 611 1692 ἐπειδή
629 1623 734 1712 καιρὸς
755 1621 810 1685 οὐκ
826 1617 861 1692 ήν
877 1625 1021 1711 φανεροῦν
1035 1618 1085 1707 ἐμὲ
1102 1622 1154 1691 τήν
1172 1623 1359 1712 προαίρεσιν.

471 1734 566 1807 Μόνος
588 1729 617 1797 δ’
641 1723 726 1808 οἷιτυς
749 1733 764 1796 5
787 1729 945 1817 βάσκανος
965 1734 1017 1795 καὶ
1042 1731 1152 1824 φίλερις
1174 1734 1330 1823 ἄνθρωπος
1351 1733 1516 1826 περιτρέπει

423 1868 473 1930 μοι
494 1844 527 1908 τὸ
546 1844 653 1928 καλόν,
677 1846 729 1908 καί
748 1838 923 1934 τυραννίδος
941 1841 1071 1906 ἐπίθεσιν
1090 1841 1213 1936 ἐγκαλεῖ
1228 1851 1271 1929 τῷ
1287 1841 1360 1934 ὑπὲρ
1380 1849 1432 1908 τοῦ
1453 1852 1517 1920 πῶς

424 1953 462 2037 ἂν
480 1956 609 2024 συσταίη
628 1950 723 2042 δῆμος
739 1952 987 2044 προμηθουμένῳ.
1007 1955 1066 2017 Καὶ
1089 1952 1133 2019 ότι
1153 1953 1206 2040 μέν
1227 1953 1291 2018 ἐστι
1308 1958 1445 2046 τυραννὶς
1462 1956 1516 2021 λέ-

424 2087 490 2154 γει,
520 2066 612 2151 κάμοί
636 2067 799 2156 προςάπτει
823 2065 856 2128 τὸ
881 2063 1042 2154 ἔγκλημα·
1070 2066 1101 2127 τί
1122 2059 1156 2128 δὲ
1179 2065 1213 2128 τό
1237 2073 1391 2155 παριστῶν
1415 2090 1451 2153 με
1478 2070 1517 2131 τά

423 2181 482 2239 τῶν
498 2177 647 2265 τυράννων
665 2184 778 2267 φρονεῖν
796 2173 849 2239 οὐκ
869 2178 933 2263 ἔχει
952 2177 1114 2266 παράγειν,
1133 2176 1190 2240 κάν
1208 2171 1389 2266 διαρραγείη
1406 2175 1518 2267 λέγων’

425 2283 471 2350 ἐπὶ
495 2291 547 2350 τοῦ
568 2283 719 2373 βήματος.
745 2285 819 2351 Εἰπὲ
840 2289 913 2377 γάρ·
925 2302 997 2372 μοι·
1018 2281 1120 2374 ἔχεις3
1140 2285 1346 2378 προθαλέσθαι
1370 2290 1437 2352 τινὰ
1461 2287 1515 2353 εἴτ’

425 2394 587 2487 ἐλεύθερον,
607 2404 664 2461 εἴτε
681 2400 733 2462 καὶ
751 2392 870 2481 δοῦλον,
886 2402 945 2461 ε’ίτε
962 2398 1105 2460 τινὰτῶν
1122 2399 1251 2480 οἰκείων,
1267 2403 1326 2460 είτε
1338 2406 1397 2461 τῶν
1413 2395 1514 2483 ξένων,

425 2509 502 2571 ἔστω
521 2503 555 2571 δέ
575 2533 609 2598 γε
630 2510 682 2574 καὶ
703 2516 760 2573 τῶν
779 2507 906 2598 ἐχθρῶν,
927 2500 950 2594 ᾧ
970 2503 1008 2579 δή
1028 2532 1099 2572 ποτε
1121 2510 1187 2598 περὶ
1205 2503 1380 2598 τυραννίδος
1397 2507 1516 2574 έκοινο-
1559 2508 1562 2513 ’

425 2616 574 2709 λογοόμην
602 2618 680 2708 ἐγώ;
702 2618 863 2709 Παρελθὼν
888 2609 974 2693 οὗτος
997 2617 1166 2709 ἐλεγχέτω,
1192 2618 1303 2708 λεγέτω
1331 2617 1360 2681 ἐν
1386 2626 1428 2704 τῷ
1454 2617 1517 2706 ἐμῷ

424 2727 519 2814 τούτῳ
536 2723 655 2810 θδατιί,
675 2729 762 2817 κάγὼ
778 2730 987 2813 σιωπήσομαι.
1007 2730 1068 2791 Καί
1086 2752 1132 2792 τοι
1149 2752 1184 2817 γε
1201 2719 1288 2802 οὗτος
1306 2728 1321 2791 5
1338 2729 1448 2818 τρόπος
1464 2737 1517 2804 τής

426 2837 631 2927 κατηγορίας,
655 2831 748 2909 οίιτως
771 2833 856 2921 ὑμεῖς
875 2838 983 2926 κρίνειν
1007 2836 1207 2922 ὀμωμόκατε,
1228 2832 1322 2909 οθτως
1345 2839 1516 2924 εἰςάγονται

425 2949 464 3011 τά
487 2945 685 3038 ἐγκλήματα·
706 2945 797 3033 ἐτυψέ
819 2945 856 3033 μέ
878 2970 942 3023 τις;
961 2947 1013 3008 καί
1037 2946 1052 3008 5
1078 2947 1277 3037 μαρτυρήσων
1302 2945 1513 3037 παρέστηκεν·

426 3049 512 3134 οὗτος
532 3053 680 3149 προδότης
700 3065 752 3132 τής
772 3056 907 3135 πόλεως;
932 3057 984 3121 καί
1009 3056 1024 3120 5
1051 3058 1198 3147 συνίστωρ
1223 3051 1308 3120 ἰδού·
1335 3046 1421 3132 οὗτος
1441 3053 1516 3132 δύς-

425 3194 512 3248 υους;
528 3170 579 3233 καί
595 3164 729 3234 σύνοιδεν
748 3170 762 3233 5
777 3170 894 3262 παρών.
913 3167 953 3232 Σὺ
972 3165 1001 3232 δ’
1019 3167 1121 3259 όμοιον
1138 3177 1233 3243 ποιεῖς
1252 3168 1346 3260 ὥςπερ
1367 3169 1403 3233 ἂν
1421 3171 1446 3232 εἰ
1463 3171 1515 3234 καί

426 3277 594 3372 προδοσίας
611 3280 742 3374 ἐγράφου
762 3282 811 3346 τὸν
832 3282 937 3358 νυκτὸς
960 3283 1012 3352 τήν
1035 3280 1120 3346 πόλιν
1139 3279 1334 3373 ἐπιτηροῦντα
1351 3277 1381 3356 ἐξ
1399 3279 1516 3356 εὐνοίας

460 3559 549 3610 ¹'l'hoo
569 3559 698 3624 Progymn.
716 3575 739 3609 c.
757 3563 786 3619 8,
800 3561 814 3607 8
830 3563 958 3626 τΙΙερικλῆς
984 3555 1515 3626 ὈλύμπιονπροςρηθέντακοιτὰταῦτὰτῷΔιίς

425 3634 553 3702 Ὀλύμπιος
566 3640 612 3689 ἀπὸ
632 3650 673 3696 τῆς
689 3642 711 3689 ἐν
728 3649 777 3696 τοῖς
793 3645 957 3706 κατορθώματι
1019 3636 1083 3687 ’Sic
1108 3638 1197 3687 Noster
1225 3637 1292 3688 Decl.
1317 3639 1367 3699 lll,
1389 3637 1442 3686 Vll.
1472 3637 1518 3686 De·

426 3721 607 3782 μεγαλειότητος
621 3720 803 3781 ἐπικτκλημένος.
821 3719 898 3768 Locos
917 3733 959 3766 au·
985 3715 1200 3765 mosthenosCteo.
1213 3714 1229 3780 §
1242 3718 1255 3763 8
1268 3715 1331 3765 τοῦδ’
1341 3718 1369 3765 ἂν
1378 3721 1405 3764 σὺ
1416 3717 1517 3785 διαρρα-

427 3796 588 3845 ctorumalios
596 3795 626 3845 de
634 3795 727 3846 Pericle
735 3796 846 3862 Olympio
856 3794 959 3861 adposui
985 3806 1026 3864 γῇς
1046 3794 1190 3858 ψευδόμενος.
1209 3792 1245 3842 lbi
1265 3792 1339 3842 codd.
1354 3795 1518 3862 διαρραγείης,

427 3875 451 3921 in
466 3871 561 3922 Anecd.
574 3889 601 3937 p.
617 3874 673 3924 359.
688 3874 738 3924 Sed
749 3874 849 3924 decreto
860 3872 959 3938 publico
986 3871 1051 3938 quod
1063 3871 1224 3936 Pachymeres
1233 3870 1322 3934 legisse
1335 3869 1438 3920 videtur.
1452 3871 1518 3921 Psel-

426 3949 452 3999 id
464 3951 538 4000 fuisse
553 3967 687 4015 cognomen
704 3951 806 4001 inditum
818 3966 866 4001 non
879 3966 960 4001 novo-
985 3951 1023 4000 lus
1035 3950 1125 4016 Opuso.
1137 3966 1162 4013 p.
1177 3951 1222 3998 119
1236 3968 1242 3997 z
1255 3951 1394 4017 διαρραγειη
1404 3950 1519 4014 ψευδόμε-

427 4044 486 4079 ram.
504 4029 568 4079 Infra
579 4046 623 4096 pp.
639 4031 678 4091 14,
695 4031 734 4091 15,
746 4046 829 4079 rursus
841 4041 960 4080 memorat
986 4050 1031 4087 νος.
1063 4029 1098 4079 lbi
1131 4039 1198 4078 nota.
1227 4027 1345 4076 Aristides
1379 4026 1445 4076 Orat.
1468 4030 1516 4088 49,

427 4108 620 4177 τὴνψήφονᾸλιπ
630 4109 652 4158 ei
660 4109 960 4160 fuissevidelurAristides
986 4125 1012 4174 p.
1039 4109 1086 4157 498
1110 4129 1116 4156 z
1141 4109 1216 4174 ὥςπερ
1239 4113 1264 4156 σὲ
1283 4109 1366 4175 ῥηγνὺς
1386 4109 1518 4166 ἐξεπίτηδες

427 4184 492 4236 Orat.
513 4191 558 4247 53,
580 4203 606 4252 p.
631 4189 687 4238 630.
707 4187 742 4238 De
761 4187 868 4252 praemiis
884 4202 959 4251 agens
986 4193 1144 4254 προςτίθηοιυ.
1168 4187 1242 4236 Multa
1264 4187 1329 4251 apud
1349 4185 1462 4237 Gataker.
1486 4188 1518 4238 ad

427 4279 481 4329 quae
503 4264 608 4330 populus
630 4266 722 4317 civibus
741 4266 772 4316 de
796 4266 874 4333 patria
895 4265 959 4316 bene
986 4267 1120 4326 Anton.8,
1135 4267 1160 4314 ί.

427 4344 520 4393 meritis
534 4345 591 4394 olim
605 4346 725 4404 donabat,
735 4349 846 4415 Περικλέα
859 4346 897 4403 δέ,
910 4345 958 4405 ait,
1019 4344 1135 4394 ³Schol.:
1147 4347 1246 4408 ἐλέγχων
1259 4345 1395 4403 ἀπαίτησις.

427 4429 466 4472 τὸν
481 4423 615 4472 Ξανθίππου
629 4431 664 4480 τίς
684 4424 723 4473 οὐκ
736 4425 786 4474 οἶδε
802 4435 849 4474 τῶν
865 4428 958 4474 πάντων
1019 4421 1104 4470 ‘Vide
1118 4437 1143 4472 n.
1157 4425 1187 4484 θ,
1201 4438 1227 4486 p.
1244 4425 1268 4472 4.
