3684 5659
814 601 971 662 ΜΕΛΕΤΗ
995 591 1038 664 Δί.
1421 601 1462 670 61

372 743 437 809 τοῖς
453 732 593 809 πολίταις
610 733 683 825 παρ’
703 733 801 798 αὐτῶν
818 736 1054 824 κατακρίνεσθαι
1063 757 1074 817 3
1093 738 1152 800 Καὶ
1167 736 1271 808 ἤθελον
1284 737 1336 825 μὲν
1349 743 1415 805 τότε
1429 745 1471 829 μὴ

373 848 523 910 ἔκπυστον
543 843 684 937 γενέσθαι
706 845 740 910 τὸ
761 845 884 935 γεγονὸς
906 840 1029 931 μηδενί·
1052 849 1077 910 εἰ
1100 842 1130 910 δ’
1149 840 1216 931 οὖν,
1244 847 1322 913 ἀλλὰ
1345 850 1387 936 μὴ
1409 860 1473 926 τοῖς

371 955 530 1044 πολεμίοις
547 955 671 1032 ἐκείνοις
687 954 758 1021 καθ’
777 949 817 1020 ὧν
834 956 1026 1046 ἠγώνισμαι·
1048 956 1082 1020 ού
1100 959 1159 1049 γάρ
1175 958 1209 1022 τὸ
1229 958 1298 1044 ε’μὸν
1314 958 1413 1049 μέγα,
1436 961 1472 1025 άν

373 1068 558 1158 κατάκριτον
578 1068 629 1133 τὸν
650 1069 815 1144 νικήσαντα
839 1065 1013 1143 πύθωνται,
1039 1067 1106 1133 ἀλλ’
1125 1065 1235 1144 ἀδοξία
1254 1077 1291 1159 τῇ
1312 1071 1396 1135 πόλει
1414 1097 1473 1159 με-

372 1175 469 1266 γάλη.
494 1178 553 1241 Καὶ
571 1179 657 1265 τάχα
676 1179 820 1267 φήσουσιν
838 1175 943 1259 ἄλλοι,
963 1177 1004 1252 ὡς
1023 1172 1204 1242 ἀνέπνευσαν
1222 1179 1248 1243 οἱ
1268 1177 1468 1255 ἡττηθέντεςί·

372 1266 479 1351 «flou
492 1290 549 1352 κάν
561 1296 597 1376 τῇ
610 1287 693 1353 πόλει
714 1290 799 1377 μερίς
820 1286 960 1371 ἐκείνοις,
981 1290 1035 1352 καί
1052 1312 1129 1363 τινες
1147 1284 1307 1372 βούλονται
1324 1314 1471 1380 παραμυ-

374 1399 495 1463 θεῖσθαι
511 1407 564 1474 τῆς
581 1400 672 1473 ἥττης
691 1397 816 1472 αύτούς·
842 1400 894 1462 καὶ
919 1396 951 1461 δν
972 1397 1027 1462 οὐκ
1050 1397 1154 1473 αὐτοῖς
1179 1395 1325 1489 ἐξεγένετο
1346 1399 1391 1464 ἐπὶ
1414 1409 1472 1465 τῶν

373 1503 480 1573 δεινῶν
497 1507 615 1573 ἐκείνων
632 1507 824 1595 ἀμύνασθαι,
844 1506 891 1572 ἐπ’
910 1511 1027 1599 εἰρήνης
1044 1509 1071 1572 οἱ
1087 1507 1161 1599 παρ’
1179 1508 1292 1573 ἐκείνου
1311 1510 1471 1601 εὐεργετη-

374 1617 473 1694 θέντες
490 1618 690 1705 ἀμύνονται».
705 1624 809 1685 Ταῦτα
824 1616 857 1684 δὲ
868 1621 968 1684 πάντα
980 1620 1089 1685 ὁπόσον
1107 1619 1245 1712 ἐλευθέρᾳ
1262 1621 1346 1685 πόλει
1363 1620 1473 1708 λυμαί-

372 1752 476 1793 νονται
493 1731 596 1819 ἀγνοεῖ
610 1737 670 1794 τῶν
687 1733 829 1795 ἁπάντων
846 1726 958 1806 οὐδείς.

422 1819 488 1925 Ε”.μὲ
502 1834 532 1903 δ’
546 1836 655 1927 ὅμως’,
675 1844 717 1916 εἰς
732 1841 899 1932 άπολογίαυ
913 1843 1129 1926 καταστάντα,
1149 1837 1268 1907 δίκαιόν
1286 1841 1349 1906 ε’στι
1367 1841 1472 1932 μικρὸν

372 1952 488 2015 ἄνωθεν
505 1947 675 2037 ὑπομνῆσαι
692 1949 772 2038 ὑμᾶς
789 1952 830 2026 ὡς
847 1950 916 2015 κατ’
935 1951 1045 2017 ἐκεῖνον
1063 1953 1113 2016 τὸν
1131 1953 1237 2042 χρόνον
1256 1959 1320 2040 είχε
1337 1955 1376 2016 τὰ
1393 1956 1472 2043 πρά-

371 2083 499 2150 γματα,
518 2059 567 2125 ίνα
586 2061 659 2152 πρὸς
678 2059 788 2126 ἐκεῖνον
806 2058 923 2126 έκαστα
942 2065 1069 2154 θεωρῆτε
1086 2065 1137 2126 καί
1157 2062 1197 2149 μὴ
1217 2062 1370 2138 τηνάλλως
1388 2063 1472 2152 παρά

371 2176 427 2235 τοῦ
444 2176 579 2262 χρηστοῦ
596 2169 702 2236 τούτου
720 2174 771 2236 καί
791 2168 983 2262 φιλοπόλιδος
998 2174 1225 2266 παραφέρησθε.

422 2276 660 2367 Πλεονέκτημαί,
681 2275 847 2372 ὦάνδρες,
865 2282 1071 2369 πλεονέκτημα
1087 2283 1228 2372 γέγονεν,
1245 2283 1299 2346 οὐκ
1317 2279 1377 2346 οἷδ’
1395 2283 1470 2346 ὁπό-

372 2393 442 2475 θεν,
467 2399 504 2479 τῇ
528 2390 611 2455 πόλει
637 2386 844 2480 ἀνδρῶν-τί
861 2393 897 2457 ἂν
924 2395 975 2457 καί
1002 2392 1200 2484 φώ;-άλλ’
1231 2385 1281 2456 οὖν
1299 2391 1472 2482 ἐπηρεάζειν

372 2500 520 2566 θελόντων
536 2510 599 2576 τοῖς
617 2500 856 2588 πολιτευομένοις
876 2498 1032 2587 ἐπίτηδες,
1050 2504 1101 2566 καί
1122 2503 1291 2591 γράφεσθαι
1309 2500 1380 2564 καθ’
1400 2500 1473 2565 ἑκά·

373 2635 446 2684 στην
464 2610 592 2686 αύτούς·
613 2613 670 2687 ὡς·
692 2637 706 2669 ι(
722 2603 836 2696 Οθτος,
859 2621 1058 2704 στρατηγῶν,
1083 2621 1146 2688 τοῖς
1169 2611 1289 2702 ἐχθροῖς
1314 2611 1427 2698 μᾶλλον
1452 2612 1471 2682 ἢ

371 2726 444 2811 ἡμῖν
460 2723 701 2814 ε’στρατιόγησεν,μ
724 2724 832 2807 άλλος,
857 2720 1037 2814 δημηγορῶν
1045 2771 1055 2808 ,
1081 2723 1154 2813 πρὸς
1176 2721 1336 2815 τάργύριον
1359 2724 1410 2785 καί
1437 2723 1470 2786 τὸ

370 2843 436 2909 τοῖς
452 2833 596 2909 ἐναντίοις
619 2828 719 2898 δοκεῖν
743 2837 823 2921 ἔχειν
846 2832 949 2909 καλῶς
973 2828 1153 2924 ἐφθέγξατο·
1173 2833 1284 2915 άλλος,
1304 2831 1472 2919 σύμθουλος

372 2951 426 3029 ὥν,
447 2944 507 3032 οὐχ
523 2943 596 3019 ὥςτε
615 2946 667 3008 καὶ
687 2955 872 3035 συνενεγκεῖν
888 2953 925 3033 τῇ
942 2945 1044 3027 πόλει,
1064 2945 1082 3014 ἢ
1101 2944 1207 3015 ἑκὼνῆ
1222 2950 1323 3027 σ’ίκων,
1343 2944 1377 3007 τό
1395 2967 1473 3030 συμ-

371 3053 585 3140 ὃουλευόμενον
617 3050 714 3119 εἶπεν·
748 3054 859 3139 ἄλλος,
891 3053 1084 3146 πρεσθεύων,
1117 3055 1170 3125 τὴν
1201 3049 1337 3145 πατρίδα
1368 3048 1472 3143 δώρων

370 3169 546 3256 προήκατο·
571 3168 625 3231 καὶ
651 3165 743 3241 άλλος
771 3166 845 3232 άλλο
870 3191 899 3230 τι
921 3169 964 3241 είς
988 3167 1082 3230 κακόν
1105 3174 1158 3241 τῆς
1176 3166 1289 3240 πόλεως
1312 3165 1331 3235 ἦ
1351 3160 1429 3229 εἶπεν
1453 3164 1471 3233 ἦ

372 3273 482 3368 ἔπραξε
500 3301 530 3338 ν.
557 3281 661 3342 Ταῦτα
683 3278 742 3368 γάρ
767 3264 912 3366 ὁσημέραι
937 3275 1098 3361 ἠκούοντο,
1132 3278 1183 3340 καί
1216 3280 1257 3351 είς
1283 3273 1369 3340 οὐδὲν
1397 3274 1471 3339 ἄλλο

373 3385 634 3480 ε’νηυκαιροῡμεν*,
647 3388 666 3458 ἢ
681 3387 826 3478 λεγόντων
843 3386 942 3452 αὐτῶν
961 3387 1081 3451 άκούειν
1098 3388 1189 3451 καινὰ
1206 3389 1288 3451 κατά
1302 3394 1360 3450 τῶν
1376 3410 1472 3476 πρατ-

373 3499 482 3564 τόντων
496 3501 537 3563 τὰ
554 3503 607 3564 τοῦ
624 3503 742 3563 κοινοῦ.
765 3536 766 3540 =

422 3605 501 3674 Εἶτα
527 3611 574 3687 τί;
602 3608 693 3698 φόθος
719 3612 809 3698 είςῄει
832 3608 902 3683 τοὺς
920 3608 1164 3697 πολιτευομένους
1182 3604 1278 3683 δεινὸς
1300 3609 1352 3671 καί
1374 3602 1471 3671 δειλία

374 3720 486 3789 ἥκιστα
503 3721 635 3810 φορητή,
663 3722 688 3783 εί
713 3717 798 3783 αὐτοὶ
818 3717 870 3805 μὲν
894 3718 1007 3809 νύκτωρ
1025 3720 1077 3784 καὶ
1096 3717 1162 3805 μεθ’
1179 3717 1293 3809 ἡμέραν
1310 3718 1470 3783 ταλαιπω-

376 3838 471 3919 ροῖντο
490 3832 542 3895 καί
562 3839 615 3906 τῆς
632 3838 689 3896 τῶν
710 3829 807 3894 άλλων
830 3828 959 3905 ἀνέσεως
977 3831 1030 3901 τὴν
1053 3829 1197 3920 σφετέραν
1214 3824 1348 3899 σπουδὴν
1364 3853 1471 3919 παρα-

412 4020 534 4082 ’(ίοδει,
557 4024 697 4073 ἀνέπνευσαν
721 4027 744 4072 οἱ
773 4027 909 4080 ἡττηθέντες
936 4043 1032 4081 σας....,
1051 4031 1076 4070 et
1096 4019 1195 4069 nomine
1216 4019 1325 4069 nondum
1344 4019 1368 4066 in
1390 4017 1469 4066 lexiva

377 4100 525 4150 ἀνέπνευσαν.
605 4123 608 4131 ⁴
822 4158 825 4164 Ι
936 4108 1037 4164 recepto
1049 4101 1179 4166 ἓνευναιρία
1190 4098 1224 4145 De
1235 4097 1312 4145 Andr.
1323 4095 1470 4158 Palaeologo‚

409 4176 735 4248 ’8ο1]οΙ.τπροκατοίττασιςι
939 4181 961 4236 1,
980 4179 1026 4232 35,
1041 4193 1065 4239 p.
1078 4178 1119 4224 101
1133 4213 1139 4234 ‚
1155 4177 1199 4223 16:
1212 4184 1265 4229 ταῖς
1276 4176 1333 4240 παρ’
1344 4173 1407 4235 ὑμῶν
1424 4173 1471 4220 αύ-

411 4255 421 4282 ³
431 4256 526 4306 Schol.:
536 4262 688 4314 κατάστασις.
936 4265 991 4314 τῶν,
999 4259 1028 4310 ὡς
1041 4257 1123 4310 εἰπεῖν,
1136 4256 1319 4318 ἑνευκαιρίαιςί
1331 4251 1471 4300 occasioni-

411 4332 511 4383 ⁴Utitur
530 4333 577 4383 hoc
599 4333 674 4384 verbo
695 4332 855 4397 pachymeres
878 4332 911 4380 De
936 4332 980 4381 bus
995 4347 1053 4396 quas
1066 4347 1108 4378 vos
1122 4331 1184 4394 ipsi,
1205 4341 1230 4378 ιιῑ
1247 4330 1278 4378 ita
1295 4329 1389 4392 dicam,
1404 4346 1470 4396 μεω-

380 4411 451 4460 Mich.
468 4411 566 4460 Palaeol.
579 4412 609 4470 θ,
625 4413 653 4461 10
664 4430 669 4457 :
682 4416 736 4460 τότε
747 4411 768 4459 δ’
780 4412 912 4475 ἑνενκαιρή-
937 4409 998 4459 betis
1011 4429 1033 4457 ν.
