3684 5659
370 640 442 710 246
710 647 744 705 Γ.
773 645 847 706 ΤΟΥ
872 640 1126 704 ΠΑΧΥΜΕΡΟΥΣ

370 795 473 864 μενον·
499 772 615 867 ἄνδρας
640 782 799 868 τοιγαροῦν
825 775 977 852 τοιούτους
997 768 1243 864 καταπροδιδοὺς
1265 777 1307 850 είς
1330 777 1461 864 σφαγήν,

371 888 516 974 τολμήσει
541 883 671 978 γρύξειν,
701 889 752 953 καί
778 886 886 978 λόγους
914 885 1083 976 ἀπολογίας
1111 888 1203 950 εἰπεῖν
1228 885 1270 960 ὡς
1299 883 1335 948 οὐ
1363 893 1466 960 κακῶς

372 998 543 1089 πέπραχεν;

422 1090 511 1199 λλγὼ1
537 1105 570 1174 δὲ
597 1109 670 1199 πρὸς
696 1107 774 1195 ὑμᾶς
800 1108 900 1200 ἐρωτῶ
924 1104 1006 1202 ὡς’,.
1021 1107 1104 1173 καλὰ
1125 1112 1240 1190 ταῦτα,
1267 1109 1321 1171 καί
1348 1102 1396 1170 δεῖ
1418 1105 1466 1169 τὸν

374 1221 541 1310 στρατηγὸν
555 1218 631 1295 έλως
643 1223 772 1284 τοιαῦτα
784 1228 896 1300 ποιεῖν;
917 1213 1010 1283 δεῖδὲ
1024 1221 1076 1283 καί
1095 1216 1174 1305 ὑμᾶς
1189 1217 1356 1309 ἐπιτρέπειν
1373 1218 1467 1304 σφάτ-

371 1356 431 1396 τειν
451 1331 518 1407 τοὺς
532 1330 578 1396 ἐπ’
593 1328 731 1407 ἐξουσίας
749 1331 899 1395 ὁντιναοῦν
915 1332 968 1395 καί
987 1325 1122 1394 ἐκποδὼν
1138 1331 1291 1393 ποιεῖσθαι
1310 1327 1342 1392 ὃν
1361 1327 1398 1392 ἀν
1415 1328 1465 1390 καί

372 1439 546 1526 βούλοιντο,
574 1443 662 1528 μόνον
688 1440 908 1527 πλαττομένονς
931 1441 1114 1530 προφάσεις,
1137 1437 1182 1529 ἐφ’
1206 1439 1244 1514 ἂς
1267 1434 1414 1514 ἀνάξουσι
1433 1437 1465 1500 τὸ

372 1553 574 1644 κακούργημα
581 1573 592 1634 3
612 1552 818 1644 Επιτρέψομεν
835 1547 887 1629 δέ,
907 1554 932 1615 εἰ
950 1556 1054 1615 τοῦτον
1071 1550 1145 1626 τέως
1162 1553 1299 1642 ἀφεῖμεν.

421 1669 473 1728 Δεῖ
499 1665 549 1728 τὸν
574 1663 742 1753 στρατηγὸν
766 1662 924 1754 φυλάττειν
950 1661 1020 1736 τοὺς
1047 1664 1155 1749 νόμους
1179 1665 1232 1726 καί
1260 1661 1332 1726 κατ’
1360 1660 1467 1737 αὐτοὺς

371 1771 610 1840 πολιτεύεσθαιδ.
638 1754 723 1838 Ᾰλλά
750 1768 796 1837 δεῖ
818 1775 1037 1864 περιποιεῖσθαι
1063 1773 1113 1836 τὸν
1138 1774 1310 1863 στρατηγὸν
1331 1775 1384 1837 καί
1412 1780 1466 1837 τῶν

374 1894 564 1976 στρατιωτῶν
587 1887 821 1976 προμάχεσθαι,
849 1885 901 1948 καί
929 1891 981 1957 τῆς
1009 1877 1090 1958 ἰδίας
1115 1881 1217 1971 ψυχῆς
1243 1891 1395 1974 προτιμᾷν
1417 1883 1466 1953 τὴν

374 1995 492 2059 ἐκείνων
507 1999 598 2080 ζωήν,
616 1995 672 2059 κάν
687 1995 841 2085 ἀμφότερα
855 1995 1012 2078 σώζοιντο,
1029 1995 1081 2058 καί
1097 1993 1182 2080 νόμοι
1196 1994 1249 2057 καί
1265 2000 1463 2084 στρατιῶται,

373 2098 405 2169 εὖ
423 2106 459 2170 άν
477 2109 557 2193 ἔχειν
576 2108 717 2196 ἡγεῖσθαι
734 2107 785 2169 καί
804 2105 871 2170 λίαν
889 2105 1065 2180 έπαινετῶς·
1089 2107 1113 2169 εἰ
1134 2098 1163 2168 δ’
1184 2096 1264 2187 οὗν”,
1285 2103 1355 2169 ἀλλ’
1373 2107 1399 2169 εί
1416 2105 1465 2169 καλ

372 2217 461 2303 νόμος
480 2213 642 2290 πολλάκις“
657 2224 693 2304 τῇ
716 2225 775 2280 τῶν
792 2225 984 2308 στρατιωτῶν
1009 2218 1145 2306 σωτηρίᾳ
1166 2211 1306 2302 ἐμποδὼν
1323 2215 1463 2298 ἵσταται,

373 2328 528 2420 ἀναφέρειν
545 2327 658 2392 αὐτίκα
678 2336 740 2402 τοῖς
757 2332 906 2418 άρχουσι,
928 2328 980 2391 καὶ
998 2329 1109 2391 πείθειν
1126 2330 1291 2418 πειρᾶσθαι
1308 2325 1466 2419 παραθλέ-

360 2464 438 2517 Ιπειν
456 2442 507 2504 καὶ
529 2441 617 2526 νέμον
635 2442 713 2503 έστιν
731 2437 778 2504 ὅτε
794 2438 867 2529 πρὸς
884 2440 1035 2529 σωτηρίαν
1055 2445 1113 2502 τῶν
1128 2445 1335 2527 στρατιωτῶν.

425 2552 462 2612 Εἰ
481 2545 570 2640 γοῦν“
586 2547 794 2637 ἀναισχύντως
814 2547 893 2638 λέγει
916 2548 957 2623 ὡς
980 2555 1142 2638 στρατηγῷ
1163 2571 1198 2638 γε
1223 2551 1285 2610 ὄντι
1305 2543 1372 2622 ἐξῆν
1391 2542 1467 2630 βου-

376 2659 516 2724 λούεσθαι
533 2662 598 2750 περί
616 2669 675 2724 τῶν
691 2659 760 2725 κατ’
777 2659 866 2724 αὐτὸν
881 2660 1149 2749 παρεμπιπτόντων
1162 2641 1365 2748 πραγμάτων,
1386 2662 1466 2747 ἔχετε

373 2770 469 2861 λέγειν
486 2772 527 2845 ὡς
545 2771 599 2834 οὐκ
616 2767 695 2846 ἐξῆν.
715 2766 795 2835 Οὐδὲ
815 2771 875 2861 γάρ
893 2769 1104 2860 ἐχειροτονεῖτε
1120 2773 1238 2851 τοῦτον,
1258 2764 1350 2854 οἶδα,
1374 2768 1466 2834 αὐτό-

375 2879 481 2944 ὅουλον
498 2883 549 2944 καί
569 2888 597 2944 εί
617 2878 662 2944 τιἿ
679 2882 715 2944 ἂν
733 2882 872 2972 ὁρμήσειε
892 2878 1062 2972 πράξοντα,
1083 2880 1124 2966 μὴ
1142 2875 1310 2964 δικαστάς,
1333 2880 1374 2967 μὴ
1393 2877 1465 2965 βου·

373 2990 439 3073 λήν,
453 2990 494 3076 μη
510 2990 584 3054 ἀλλο
601 3015 628 3053 τι
645 3000 703 3055 τῶν
719 2991 772 3062 τὴν
788 2992 933 3090 ἡμετέραν
951 2993 1135 3079 συνεχόντων
1154 2989 1307 3054 πολιτείαν
1322 2988 1465 3081 ὑπολογι-

374 3102 508 3187 ζόμενον,
525 3104 565 3187 μή
580 3127 643 3176 πως
655 3104 706 3165 καὶ
725 3102 942 3192 ἀνακριθέντων
958 3111 1016 3166 τῶν
1033 3101 1103 3166 κατ’
1118 3100 1208 3165 αὐτὸν
1222 3101 1287 3165 ἁλῶ
1306 3103 1359 3166 καί
1381 3096 1466 3175 δίκας

373 3220 431 3274 τῶν
447 3212 649 3298 τολμηθέντων
667 3215 787 3277 τίσειεν.
809 3217 845 3276 Εἰ
864 3209 914 3277 δὲ8
932 3215 982 3278 ιιαὶ
1002 3218 1135 3286 τοιοῦτος
1150 3207 1198 3294 ἦν,
1218 3207 1289 3276 οὐδὲ
1304 3212 1396 3277 πάλιν
1409 3209 1466 3277 ἔδει

375 3321 420 3386 ἐπὶ
446 3327 587 3386 τοσοῦτον
612 3319 910 3399 ἀπαυθαδίζεσθαι9·
938 3320 998 3388 ἔδει
1021 3319 1233 3398 δυςωπηθῆναι
1258 3325 1311 3388 καὶ
1336 3325 1466 3394 τὴντῶν

376 3616 418 3648 cus
436 3600 560 3650 Ciceronis
577 3601 608 3650 dc
627 3602 704 3651 Amic.
725 3603 767 3661 19,
790 3620 800 3643 ι
818 3601 907 3650 multos
934 3604 1069 3668 κοὺργηριι,
1080 3600 1181 3650 servabo
1192 3605 1267 3660 ὡς,οῑ
1278 3600 1321 3650 fiet
1332 3607 1467 3666 ροοῑὼς,υι

373 3678 467 3726 modios
488 3681 544 3728 salis
567 3681 637 3729 simul
659 3680 768 3729 edendos
793 3696 860 3739 esse,
882 3689 907 3727 ut
935 3694 1000 3741 saepe
1011 3690 1066 3744 post
1080 3679 1222 3738 ὅτι,οεοῑίο
1233 3678 1338 3729 directa.
1352 3681 1402 3729 Etsi
1416 3695 1466 3729 cum

373 3756 485 3804 amicitiae
497 3773 584 3805 munus
599 3760 722 3822 expletum
743 3759 774 3806 sit
790 3778 811 3807 o.
826 3759 852 3805 ln
871 3774 908 3806 sc·
934 3761 1012 3826 ἐρωτῶ
1023 3759 1076 3807 talis
1088 3760 1119 3805 sit
1130 3773 1184 3806 raro
1196 3758 1315 3821 syntaxis.

374 3833 503 3898 quentibus
520 3835 608 3898 respici
628 3847 687 3899 puto
706 3853 790 3887 vorsus
809 3836 906 3885 Hesiodi
968 3837 978 3863 ³
991 3835 1100 3900 Objcctio
1112 3836 1243 3885 adversarii
1256 3852 1302 3899 pro
1313 3835 1387 3885 ducc.

374 3912 402 3961 Ε.
419 3913 464 3961 347
479 3932 484 3961 :
498 3909 529 3962 Εὖ
540 3921 581 3978 μὲν
591 3920 731 3982 μετρεῖσθαι
746 3921 812 3983 παρὰ
827 3924 906 3977 γείτο-
969 3915 1072 3965 ‘Schci
1084 3936 1090 3963 ι
1103 3919 1171 3982 ἑτέρα
1182 3919 1323 3978 μετάληψις.

374 4013 422 4050 νος,
445 3988 469 4041 εὖ
493 3993 513 4043 δ’
533 3996 661 4044 ἀποδοῦναι
680 3995 746 4061 Αὐτῷ
765 4005 797 4061 τῷ
812 4001 906 4063 μέτρῳ,
969 3995 1023 4044 “Do
1036 4011 1108 4045 sensu
1121 3994 1227 4044 adverbii
1242 3999 1354 4052 πολλάκις
1368 4010 1394 4060 p.
1407 3995 1465 4051 2⁴2,

374 4078 413 4120 καὶ
427 4075 504 4131 λώϊον,
521 4076 571 4122 αἴκε
585 4074 677 4130 δύνηαι.
692 4073 745 4122 Non
763 4073 832 4122 valde
851 4090 907 4137 per·
934 4093 959 4125 n.
974 4079 999 4125 (i.

373 4151 457 4213 spioua
467 4162 504 4200 est
512 4152 632 4201 sententia
643 4151 757 4201 auctoris.
969 4152 978 4178 ⁰
990 4151 1088 4202 Schol.:
1101 4154 1222 4215 ἀντίληψις
1230 4157 1293 4201 κατὰ
1304 4152 1420 4202 ἔνστασιν.

408 4227 529 4278 ¹Schol.:
547 4236 615 4288 θέσις.
969 4230 1034 4279 τδίο
1047 4232 1071 4278 εἴ
1084 4229 1166 4292 ajam
1181 4245 1205 4291 p.
1222 4229 1277 4288 179,
1292 4245 1319 4278 n.
1337 4235 1357 4277 Ι.
1439 4250 1441 4257 ·

408 4302 417 4328 ’
429 4306 475 4354 Pro
485 4311 513 4364 ῶς
526 4311 629 4358 fortasse
640 4308 789 4358 eividebitur
801 4307 909 4357 scriben-
969 4307 978 4332 ⁸
991 4307 1090 4355 Schoi.:
1103 4311 1316 4374 ἀντιπαράοτασις.

374 4382 447 4439 dum,
469 4385 512 4432 scd
529 4401 601 4449 quum
622 4388 732 4451 posuerit
750 4387 861 4435 librarius
877 4385 909 4433 si·
968 4384 1087 4443 1λίλοιλοιτ,
1100 4387 1279 4446 ἀπαυθίζεσθαι.
1291 4386 1327 4432 Ac
1341 4385 1394 4433 [erc
1405 4381 1466 4434 vidc-

376 4477 447 4523 gnum
470 4460 633 4526 interrogandi
654 4475 709 4526 post
732 4475 806 4514 ποιεῖν
826 4475 850 4511 ct
867 4484 908 4511 νοι-
937 4472 975 4510 tur
990 4483 1004 4510 α
1021 4462 1095 4513 fuisse
1108 4479 1122 4511 c
1137 4463 1290 4512 correctione
1302 4462 1423 4522 dclctum,
1437 4475 1465 4508 oc
