3684 5659
446 581 494 650 [18
781 589 816 648 Γ.
845 588 919 649 ΤΟΥ
944 586 1197 652 ΠΑΧΥΜΕΡΟΥΣ

447 747 462 780 ι
480 723 578 788 Δεινὸν
594 722 810 809 πλημμελεῖται
820 769 830 807 ,
851 719 960 801 δεινόν,
983 717 1007 788 ὦ
1024 724 1181 813 παρόντες,
1202 725 1287 815 παρὰ
1303 726 1466 815 ζωγράφου
1483 727 1536 790 καί

445 833 698 925 ταῦτα..Γράψας
708 837 842 924 ναυάγια
855 835 1054 906 κατατίθησιν
1071 833 1100 898 εὐ
1117 833 1225 920 λιμένι.
1240 833 1305 898 Οῦκ
1320 829 1393 899 οἶδα
1405 837 1436 899 τί
1447 840 1537 901 τοῦτο

444 945 496 1009 καί
514 946 560 1019 τίς
577 944 592 1008 ὁ
610 945 741 1020 σκοπός·
762 943 834 1031 ἐμοῦ
852 939 882 1007 θ’
900 946 918 1014 ἡ
939 945 1024 1032 ψυχὴ
1042 945 1093 1009 καὶ
1112 943 1180 1008 λίαν
1198 947 1397 1035 τετάρακται.
1417 945 1539 1011 dodos-

445 1080 500 1141 μαι
516 1053 585 1129 τοῦς
602 1053 747 1146 ἐμπόρους
764 1057 805 1142 μή
822 1079 886 1130 πως
904 1054 1047 1146 γένωνται
1064 1063 1117 1131 τῆς
1135 1051 1261 1130 εἰκόνος1
1278 1047 1357 1144 (ἔστι
1376 1058 1451 1147 γάρ,
1473 1061 1537 1122 ἔστι

444 1166 495 1230 καί
514 1165 617 1240 καλῶς
630 1173 682 1240 τῆς
699 1163 805 1253 τέχνης
822 1157 969 1253 ἔχουσα),
988 1166 1040 1229 καὶ
1058 1164 1132 1254 πρὸς
1148 1165 1188 1228 τά
1206 1167 1345 1252 θεάματα
1363 1161 1540 1260 δειλανθρίς

445 1298 540 1360 σωσι,
560 1277 717 1340 κάντεῦθεν
740 1275 889 1338 ἀπείπωσι
908 1272 961 1360 μὲν
983 1274 1032 1338 τὸν
1054 1274 1160 1358 πλοῦν,
1184 1276 1202 1345 ἡ
1225 1270 1259 1339 θὲ
1279 1275 1365 1352 πόλις
1382 1276 1412 1341 ἐν
1430 1280 1536 1342 σπάνει

443 1392 502 1449 τῶν
525 1386 701 1475 ἀναγκαίων
724 1382 845 1475 γένηται
864 1406 893 1447 ν.
920 1385 972 1459 Τίς
992 1383 1105 1454 ἤκουσέ
1121 1381 1194 1449 σου’
1209 1384 1349 1457 τοιαῦτηυ
1367 1390 1489 1478 ρωνήν;
1510 1391 1535 1453 εί

444 1499 550 1584 ἔχουσι
566 1507 741 1588 μαρτυρεῖν,
758 1498 1018 1588 μαρτυρείτωσαν.

492 1609 552 1672 Καὶ
571 1611 642 1695 μήν,
661 1611 686 1672 εί
702 1603 805 1695 ᾕδεις,
828 1604 915 1671 ταῦτ’
934 1602 994 1670 ἔθει
1012 1630 1046 1671 σε
1063 1606 1171 1697 λέγειν,
1192 1613 1291 1674 ταῦτα
1307 1608 1533 1703 μαρτύρεσθαι,
1597 1700 1601 1706 ι

444 1718 495 1781 καί
519 1720 634 1793 πάσαις
655 1718 835 1809 προθυμίαις
856 1715 995 1796 κωλύειν,
1014 1720 1065 1781 καί
1086 1728 1250 1802 κατασπᾷν
1272 1720 1306 1783 τὸ
1328 1723 1480 1785 πινάκιον.
1499 1725 1536 1787 Εἰ

444 1822 474 1891 θ’
492 1823 581 1903 εἰδὼς
603 1827 755 1912 ἐσιώπας,
779 1822 900 1903 θῦςνους
924 1826 1035 1918 ε’λέγχη
1058 1836 1100 1914 τῷ
1125 1823 1224 1916 θήμῳ,
1252 1831 1325 1910 καί,
1347 1831 1405 1921 πρό
1428 1855 1463 1921 γε
1482 1836 1536 1897 τοῦ

443 1936 518 2002 ἑλεῖν
547 1937 616 2024 ε’μέ,
649 1937 738 2014 αὐτὸς
767 1936 872 2002 ἑαυτὸν
897 1936 1123 2021 καταθάλλεις,
1149 1934 1313 2027 προθίθους
1341 1938 1471 2016 ἐκείνους
1498 1950 1536 2031 τῇ

444 2057 542 2136 σιωπῇ
556 2045 607 2123 οῦς
621 2047 710 2112 ε’λεεῖν
729 2046 871 2138 ὑποκρίνῃ
887 2049 928 2112 τά
944 2053 1007 2132 νῦν,
1027 2049 1079 2112 καὶ
1098 2048 1152 2113 οῦκ
1170 2048 1242 2136 ἐμοῦ
1256 2050 1368 2137 μόνου,
1385 2050 1466 2116 ἀλλά
1481 2054 1534 2116 καί

442 2167 501 2225 τῶν
527 2159 823 2251 καταψηφισαμένων
851 2168 1044 2251 κατηγορεῖς.
1073 2162 1110 2223 Ei
1138 2155 1168 2224 d’
1188 2160 1242 2225 οῦκ
1265 2157 1349 2250 γ’ίθεις
1369 2151 1403 2226 τὸ
1429 2161 1536 2248 μέλλον

443 2273 600 2336 κάντεῦθεν
618 2270 741 2362 ἐσίγας,
764 2271 859 2361 ὥςπερ
875 2269 979 2356 ἀμέλει
996 2270 1084 2360 κάγὼ
1105 2265 1198 2357 μηθὲν
1221 2267 1310 2346 είθὼς
1328 2278 1387 2337 τῶν
1409 2270 1536 2358 μελλόν-

442 2405 500 2447 των
517 2385 675 2473 ἔπραττον,
692 2376 780 2472 θεῦρο
798 2377 885 2445 δίδου
903 2382 956 2445 καὶ
976 2377 1013 2443 σὺ
1031 2387 1074 2466 τῷ
1092 2375 1178 2468 θόμῳ
1192 2383 1297 2457 ποινάς
1314 2389 1367 2457 τῆς
1385 2384 1532 2472 ἀγνοίας,

443 2494 495 2557 καὶ
514 2497 612 2558 ταῦτα
623 2497 676 2556 τοῦ
693 2491 868 2578 μέλλοντος,
884 2498 964 2582 εἴπερ
977 2488 1056 2578 κάμὲ
1074 2487 1170 2566 ἀξιοῖς
1185 2500 1337 2583 τιμωρεῖν.
1355 2493 1414 2555 Καὶ
1432 2491 1535 2557 λοιπὸν

443 2599 603 2678 ὑπεύθυνος
619 2600 672 2690 μὲν
686 2601 760 2693 ἐγώ,
778 2599 940 2676 ὑπεύθυνος
958 2597 992 2665 δὲ
1009 2600 1065 2665 σῦ·
1082 2601 1174 2676 άλλος
1187 2597 1221 2665 de'
1237 2625 1283 2676 τις
1297 2602 1348 2666 καὶ
1363 2601 1537 2693 άμροτέρων

444 2715 666 2804 κατηγορείτω,
686 2713 727 2797 μὴ
745 2713 865 2801 φθάσας
883 2708 956 2776 ideis
974 2711 1135 2798 ἱσταμένην
1152 2713 1205 2782 τὴν
1219 2713 1321 2776 εἰκόνα
1334 2713 1408 2802 πρὸς
1425 2721 1469 2799 τῷ
1486 2712 1536 2778 λι-

443 2823 530 2910 μένι,
546 2823 634 2908 μόνον
648 2817 678 2884 θ’
689 2816 778 2895 εἰθὼς
794 2820 838 2911 ἐρ’
858 2814 882 2906 ᾧ
898 2822 940 2908 μὴ
955 2823 1152 2909 καταίρουσιν
1166 2821 1193 2884 οἱ
1207 2822 1263 2896 τάς
1275 2811 1420 2911 ἐμπορίας
1437 2848 1536 2909 μετα-

444 2934 638 3022 χειρίζοντες.

520 3109 523 3116 .
592 3089 604 3113 ιι
619 3068 685 3140 Πρὸς
702 3069 789 3117 ταῦτα
805 3061 883 3137 βλέπε
896 3069 933 3137 μὴ
948 3062 1056 3135 τούμόν,
1073 3059 1199 3115 ἀλλὰκαὶ
1213 3067 1244 3115 τὸ
1260 3068 1305 3116 σόν
1322 3086 1349 3131 ιι,

444 3205 572 3292 Τεῦκρος
598 3197 662 3265 εἶπέ
678 3197 761 3284 τινιθ,
790 3201 903 3287 καὶμὴ
927 3201 1015 3287 μόνον
1040 3202 1074 3265 τὸ
1094 3201 1229 3293 πραχθὲν
1256 3196 1327 3279 αῦξε
1354 3204 1475 3296 λόγοις,
1498 3211 1539 3285 ὡς

445 3305 540 3374 θεινὸν
553 3305 663 3401 λέγων’·
675 3312 726 3374 καί
742 3309 872 3398 χαλεπὸν
885 3308 1110 3400 πολυανθρώπῳ
1124 3312 1208 3377 πόλει
1223 3311 1327 3400 λιμός,
1345 3317 1397 3379 καὶ
1412 3315 1540 3407 χείρωνῦ

479 3547 486 3573 ¹
502 3547 627 3614 Frequens
644 3558 682 3597 est
700 3546 797 3596 dicendi
816 3546 919 3596 formula
936 3555 978 3610 γί-
1005 3555 1084 3611 γίγνου
1100 3559 1141 3606 τῆς
1159 3550 1228 3617 ὀργῆς
1246 3550 1305 3610 ὅλος,
1323 3551 1350 3610 2,
1365 3549 1393 3596 tt
1407 3568 1413 3597 ι
1427 3550 1478 3607 ὅλος
1492 3560 1538 3601 τῶν

445 3631 615 3684 assertivam,
636 3625 697 3676 εἷναί
710 3647 779 3684 τινος.
796 3625 848 3687 Qua
857 3625 907 3690 jam
919 3642 977 3676 usus
1005 3628 1234 3695 γρουτισμάτοινῆν.
1249 3627 1379 3692 AlciphrO,
1394 3629 1462 3688 3,11
1478 3630 1538 3686 ιὸλη

446 3715 483 3753 est
493 3721 520 3769 p.
536 3707 551 3754 5
565 3725 571 3753 :
583 3708 669 3762 ταῦτης
683 3706 727 3768 ἐγὼ
740 3717 781 3763 τῆς
797 3707 916 3762 πολιτείας
935 3724 978 3766 γε·
1005 3706 1030 3753 δὲ
1041 3703 1063 3754 εἷ
1079 3712 1121 3755 τοῦ
1136 3708 1225 3763 ἄστεος.
1243 3706 1334 3755 Plinius
1348 3706 1426 3770 Epist.
1440 3708 1470 3766 5,
1487 3708 1536 3757 161

446 3787 551 3847 κάμινος,
561 3799 587 3849 p.
603 3785 631 3831 13
644 3804 650 3832 ε
663 3792 720 3848 μιᾶς
733 3787 850 3848 γενόμενος
862 3789 978 3850 προαιρε-
1007 3800 1018 3824 ι
1031 3783 1128 3845 pietatis
1141 3794 1177 3833 est
1188 3793 1252 3833 totus
1266 3802 1289 3832 s.
1302 3783 1338 3833 lbi
1353 3783 1470 3833 Sohaefer.

446 3883 515 3924 σεως,
535 3879 560 3926 p.
587 3864 617 3912 27
642 3881 649 3911 1
670 3866 717 3920 ἑνὸς
740 3868 825 3912 σκοποῦ
847 3866 975 3927 γενόμενος·
1038 3858 1249 3921 ’(λοόελ,ἥκουσί
1260 3882 1305 3912 σοι.
1321 3862 1414 3927 Scripsi
1427 3869 1465 3921 ἤκ.
1482 3882 1538 3926 σου,

446 3948 573 4009 κρείττονος
593 3948 683 4005 γίνεται
703 3945 813 4006 λογισμοῦ
825 3977 832 3999 ,
847 3942 875 3988 31
889 3960 895 3988 ι
907 3945 978 4005 μόνον
1005 3938 1117 3988 utmodo
1129 3941 1303 4004 scriptumest.

447 4025 556 4085 γεγονότα
566 4027 608 4071 τοῦ
617 4019 976 4084 ἀγωνιζιοθαι,11.Ειιιιπρίιιοε
1040 4017 1157 4068 ³Teucer
1189 4019 1363 4082 Agamemnoni
1391 4019 1417 4068 in
1448 4018 1538 4084 Aiace,

448 4108 489 4151 τοῦ
516 4103 540 4150 δὲ
568 4106 664 4169 θεάτρου
692 4105 823 4164 γενόμενος,
849 4097 890 4146 ubi
915 4107 979 4146 notae
1009 4095 1081 4146 1300.
1102 4097 1263 4162 pachymeres
1285 4098 1392 4162 pressius
1410 4096 1540 4163 descripsit

447 4195 491 4242 pp.
513 4180 571 4234 191,
592 4181 648 4228 512.
667 4178 794 4243 Adjeotiva
812 4178 877 4237 ὅλος,
896 4183 979 4241 μεστός
1006 4173 1137 4224 Aristidem
1154 4176 1220 4226 Orat.
1236 4178 1320 4243 to,p.
1331 4178 1379 4225 310
1393 4186 1454 4225 extr.

448 4272 513 4320 sape
520 4257 650 4317 adduntur,
661 4256 726 4306 unde
736 4257 826 4306 locutio
836 4257 863 4305 fit
873 4255 978 4321 planior.
1039 4249 1162 4304 ‘Schotz
1185 4260 1311 4313 πηλικότης
1330 4261 1371 4305 κοιλ
1387 4262 1414 4307 τὸ
1435 4259 1493 4323 πρός
1514 4273 1538 4303 τι

448 4333 616 4397 Aristaenetus,
633 4341 661 4397 1,
678 4337 707 4384 19
719 4357 725 4385 :
738 4340 834 4404 θεάτρου
848 4343 924 4398 μεστὴ
937 4353 979 4397 γε·
1007 4329 1067 4393 ἅμα.

449 4421 537 4474 γονυῖιι.
545 4410 581 4461 lbi
592 4423 664 4464 notae.
677 4413 837 4470 Heliodorus,
850 4418 872 4473 1,
887 4415 915 4461 12
928 4421 977 4477 :pst
1039 4405 1173 4462 “Fortasse
1185 4421 1272 4478 χεῖρον.
