3684 5659
724 678 727 683 ,
806 614 962 686 απιικυῌ
987 602 1033 675 0¹.
1396 608 1465 680 ⁴85

419 732 506 818 Ᾰλλά
524 752 554 815 τί
569 753 675 831 πάθω,
697 749 751 816 ούκ
768 753 830 839 ἔχω
848 751 922 841 πρὸς
938 747 1018 839 ὑμεῖς
1036 750 1111 814 ἄλλο
1128 751 1181 814 καί
1202 745 1322 835 ἀξιοῦν,
1346 749 1366 819 ἦ
1387 774 1465 841 προ-

371 871 458 950 σχεῖν
468 860 603 954 ἀκριὸῶς
611 869 654 948 τῷ
666 861 760 948 νόμῳ,
773 863 825 925 καὶ
840 860 986 937 πολλάκις
997 858 1050 948 μὲν
1063 864 1248 967 ἀγαγνώναι,
1261 859 1366 950 κριτάς
1379 855 1412 924 δὲ
1423 863 1464 948 μὴ

370 968 461 1037 τοῦδε
477 972 496 1043 ἦ
512 967 621 1056 τοῦδε,
641 970 708 1036 ἀλλ’
723 970 817 1036 αύτού
833 996 869 1063 γε
885 974 1056 1062 γίγνεσθαι.
1073 976 1149 1059 Εχει
1163 995 1209 1045 τις
1226 970 1467 1061 συλλογίσασθαι

370 1084 454 1147 κατὰ
468 1087 573 1148 τοῦτον
588 1075 655 1171 (καί
670 1087 757 1147 τοῦτο
771 1084 830 1173 γάρ
845 1074 984 1170 δίδωμιλ·
1004 1087 1068 1172 ἔχει
1083 1078 1102 1146 δ
1105 1081 1112 1108 ’
1127 1081 1220 1156 ἀλλος
1233 1077 1404 1147 διαστεῐλαι
1415 1083 1465 1148 τὸν

370 1192 479 1285 λόγον,
508 1194 559 1258 καί
585 1193 619 1257 τό
643 1193 732 1284 ῥητόν
758 1191 941 1257 ἐκλαθέσθαι
966 1194 1048 1258 κατά
1071 1192 1105 1256 τό
1129 1193 1279 1278 κείμενον,
1307 1193 1392 1281 ἀφείς
1413 1195 1468 1269 τὰς

370 1300 609 1395 παρεξηγόσεις,
629 1304 669 1379 ὡς
684 1304 751 1378 νοός
765 1301 907 1378 ε’πιθολόις
921 1306 1001 1368 ἔνθεν
1017 1306 1157 1368 κάκεῖθεν
1173 1301 1342 1394 ῥεπούσας,
1363 1305 1415 1368 καί
1434 1305 1468 1369 τὸ

372 1410 426 1501 μὲν
451 1407 653 1493 δικαιούσας,
679 1414 713 1478 τό
743 1409 776 1477 δὲ
803 1409 1076 1489 καταδικαζούσας
1100 1413 1174 1504 πρός
1199 1411 1216 1477 ό
1239 1438 1284 1488 τις
1310 1410 1465 1497 βούλεται.

371 1524 480 1616 Πρώτη
508 1524 599 1611 νόμου
627 1527 774 1615 σαφήνεια
800 1523 834 1588 τὸ
859 1525 966 1616 ῥητόν,
997 1523 1071 1588 αὑτό
1093 1522 1165 1588 καθ’
1185 1521 1258 1588 αύτό
1288 1525 1390 1599 καθὼς
1416 1527 1467 1589 καί

373 1633 543 1726 γέγραπται
562 1635 855 1724 ἀναγινωσκόμενον.
877 1612 918 1699 Ᾰν
943 1631 1048 1710 ἔξωθεν
1067 1634 1175 1724 ἐπάγοι
1195 1659 1240 1710 τις
1260 1634 1357 1717 ἀλλο,
1379 1635 1394 1699 ό
1416 1634 1470 1718 μὲν

372 1739 440 1809 τόδ’
455 1744 584 1824 εῖποι,ό
603 1741 636 1810 δὲ
649 1742 716 1810 τόδ’
733 1744 811 1837 ε’ρεῖ,
831 1747 883 1810 καὶ
900 1732 1216 1836 ἀμφιθολίαέντεύθεν
1233 1746 1285 1809 καί
1301 1747 1388 1833 μάχη
1402 1755 1470 1821 ταῖς

373 1850 564 1947 ἐξηγήσεσιν.
591 1836 677 1921 Ᾰλλά
699 1858 729 1920 τί
752 1852 799 1921 δεῖ
825 1852 983 1921 διδάσκειν
1008 1852 1122 1947 ἄνδρας
1145 1855 1287 1947 ε’ντριθεῖς
1303 1856 1400 1943 νόμων
1416 1859 1468 1920 καί

373 1967 515 2057 κρίσεων,
532 1967 585 2032 καί
604 1967 645 2055 μὴ
662 1967 696 2032 τό
713 1966 843 2032 ε’ντεῡθευ
861 1966 966 2041 αύτοῖς
983 1969 1178 2059 θαρρησαντα
1194 1967 1267 2057 πρός
1280 1965 1349 2042 τοὺς
1361 1966 1471 2043 ἀλλους

374 2079 480 2160 εἰπεῖν,
501 2076 553 2141 καὶ
570 2084 629 2141 τῶν
646 2078 801 2169 παρόντων
820 2076 1036 2167 ἀπαλλαγῆναι
1053 2079 1181 2165 τοιχίον;

422 2164 537 2279 Ᾰνδρες
553 2182 706 2274 δημόται,
720 2219 771 2238 -
787 2183 834 2252 δεῖ
851 2189 910 2280 γάρ
929 2189 981 2253 καὶ
1001 2188 1075 2279 πρὸς
1092 2185 1171 2275 ύμοῖς
1190 2190 1282 2252 εἰπεῖν
1298 2190 1348 2254 τόν
1365 2188 1469 2254 ἐπίλο-

375 2321 490 2389 γον-
501 2296 595 2363 καλόν
609 2298 643 2362 τό
661 2295 799 2363 σπεύδειν
817 2300 933 2372 πάντας
953 2294 1025 2387 ὑπὲρ
1044 2305 1098 2372 τῆς
1116 2295 1248 2373 πόλεως·
1269 2297 1362 2362 καλὸν
1380 2301 1469 2364 τὸτὰ

375 2418 499 2501 τροφεῖα
523 2402 662 2493 διδόναι,
688 2409 729 2485 ὡς
753 2409 789 2474 ἀν
813 2403 922 2473 οἷοίτ’
948 2403 1045 2497 ὦμεν,Ι
1065 2416 1102 2495 τῇ
1131 2406 1319 2498 θρεψαμένῃ,
1348 2411 1400 2474 καὶ
1428 2412 1469 2496 μὴ

376 2515 477 2603 άπαξ,
502 2520 617 2595 εἰκόνος
638 2528 745 2609 σχῆμα
761 2519 910 2595 λαθόντας
918 2515 940 2604 ¹,
959 2520 993 2584 τὸ
1010 2516 1080 2583 καθ’
1098 2516 1188 2583 αὑτὸν
1211 2522 1308 2593 ζητεῖν
1327 2516 1467 2607 ἕκαστον,

376 2629 455 2696 ἀλλὰ
470 2630 733 2718 συμμεταόάλλειν
749 2633 802 2697 καὶ
818 2639 937 2721 καιροῖς
950 2633 1002 2695 καὶ
1017 2631 1259 2721 παρεμπίπτουσι
1276 2632 1466 2721 πράγμασιν,

376 2741 416 2818 ὡς
437 2746 489 2807 νύν
511 2740 565 2829 μέν
588 2744 749 2833 φαίνεσθαί
771 2766 839 2806 τινα
862 2742 1000 2807 ταπεινὸν
1025 2743 1078 2807 καὶ
1104 2743 1268 2832 χαρίεντα,
1292 2740 1340 2806 ὅτε
1362 2740 1468 2808 τούτου

376 2853 500 2942 καιρός,
517 2857 567 2918 νῦν
585 2849 618 2918 δὲ
632 2855 838 2948 ἀπαραίτητον
856 2852 956 2929 ἀλλως
973 2855 1026 2917 καὶ
1043 2851 1295 2944 προςκρουστικδν
1310 2862 1374 2928 τοῖς
1389 2854 1468 2919 πολ-

376 2960 455 3047 λοῖς,
475 2964 497 3028 οῖ
513 2959 579 3044 δεῖ,
598 2965 656 3029 κάν
677 2965 719 3052 μὴ
737 2963 859 3039 πολλοῖς
880 2962 1013 3056 ἀρέσκῃ,
1033 2960 1232 3047 βουλεύοντα·
1253 2968 1303 3028 νῦν
1319 2963 1468 3034 σιωπηλόν

376 3073 474 3151 ἄλλως
490 3076 543 3141 καί
561 3075 635 3167 πρὸς
652 3070 767 3163 μηδένα
785 3076 974 3163 μαχόμενον·
994 3074 1102 3140 ἀλλοτε
1120 3071 1151 3140 δ’
1169 3067 1255 3150 αύθις
1269 3076 1321 3139 καί
1339 3074 1468 3166 ὀχληρὸν

376 3186 427 3251 καλ
442 3181 595 3270 αύθάδην,
615 3186 652 3250 ἀν
665 3187 771 3276 καιρός
787 3185 865 3274 καλῇ
881 3187 993 3250 πείθειν
1005 3186 1057 3250 καὶ
1071 3195 1247 3277 παρακινεῖν
1260 3184 1328 3260 τοὺς
1342 3183 1469 3261 πολλοὺς

376 3297 584 3387 ῥᾳθυμοῦντας
598 3299 640 3372 είς
652 3297 686 3361 τὸ
700 3295 772 3387 ὑπὲρ
789 3304 843 3371 τῆς
858 3295 973 3370 πόλεως
991 3298 1208 3385 ἀγωνίζεσθαι.
1225 3296 1289 3360 Κάν
1303 3293 1356 3382 μἐν
1369 3291 1468 3370 οὐδεὶς

376 3405 493 3498 κωλύῃ,
520 3404 679 3472 πλάττειν2
700 3408 741 3496 μὴ
765 3411 844 3496 ἔχων
863 3408 1045 3498 προφάσεις,
1062 3406 1172 3470 καλόν·
1195 3409 1220 3470 εί
1239 3402 1341 3470 δὲκαὶ
1360 3406 1467 3471 κωλύει

376 3517 650 3610 προφασιζόμενος,
676 3516 744 3582 ἀλλ’
765 3510 815 3582 ούν
838 3516 879 3604 μίι
897 3519 1098 3608 καθυφίεσθαι
1115 3525 1169 3591 τῆς
1186 3518 1317 3606 ἀρχῆθεν
1334 3512 1468 3593 σπουδῆς

377 3625 472 3713 ἀξιον,
489 3626 559 3693 ἀλλ’
572 3627 754 3716 ἀντέχεσθαι
770 3629 860 3694 πάλιν
876 3630 928 3693 καί
946 3627 1043 3719 λόγων
1061 3636 1166 3693 κοινῶν
1182 3629 1234 3691 καί
1254 3623 1371 3712 βουλὼν
1388 3629 1470 3720 ἀγα·

377 3743 447 3825 θῶν,
466 3741 520 3806 κοιλ
538 3740 611 3831 πρός
630 3741 681 3805 τόν
702 3740 826 3806 κωλύειν
847 3743 1028 3834 πειρώμενον
1047 3739 1222 3832 ἀντιλέγειν,
1243 3739 1304 3806 ὅσα
1320 3742 1372 3805 καί
1391 3737 1466 3817 δυς-

376 3875 442 3917 νουν
460 3860 498 3941 τῇ
517 3850 601 3916 πόλει
618 3853 670 3916 καί
692 3849 847 3940 ἡμεδαπόν
864 3852 1023 3940 πολέμιον·
1048 3853 1124 3923 πλὴν
1144 3850 1212 3916 ἀλλ’
1231 3851 1393 3944 ἐπιτρέπειν
1411 3854 1468 3928 τάς

376 3963 489 4054 κρίσεις
500 3970 564 4037 τοῖς
577 3972 687 4038 κοινοῖς
703 3959 899 4048 βουλευταῖς·
921 3964 979 4028 κάν
996 3953 1077 4028 ούτοι
1099 3963 1140 4050 μὴ
1162 3965 1372 4054 ἀποφαίνοιντο
1390 3958 1467 4048 μηδὲ

377 4080 428 4148 τῆς
440 4067 554 4157 βουλῆς
570 4067 740 4162 ἐξείργοιεν,
760 4073 860 4165 ὀλίγον
874 4073 962 4165 λόγον
979 4076 1131 4139 ποιεῖσθαι
1147 4081 1206 4136 τῶν
1221 4072 1397 4161 κατηγόρων
1413 4073 1465 4134 καί

378 4174 422 4258 οἷς
439 4178 520 4268 ὑμᾶς
536 4182 748 4272 ἀπείργουσιν·
769 4187 793 4248 εἰ
813 4180 842 4248 δ’
861 4176 943 4249 οίιτοι
962 4186 1109 4273 κρίνοντες
1126 4191 1318 4272 καταγνοῖεν,
1339 4183 1390 4246 καί
1410 4209 1469 4247 κα·

410 4361 522 4421 Ἐίκόκος
533 4376 614 4429 σχῆμα
627 4366 749 4432 λαθόντας]
766 4367 821 4417 vide
831 4383 908 4433 supe·
968 4365 978 4390 ’
995 4365 1120 4426 Fortasse,
1142 4367 1217 4434 κωλύῃ
1237 4371 1359 4435 πράττειν.
1382 4366 1469 4416 Facilis

376 4439 426 4493 rius
436 4456 462 4506 p.
474 4442 521 4500 Ίθ,
533 4458 558 4491 n.
574 4445 599 4492 3.
935 4445 1080 4510 permutatio
1097 4445 1163 4495 verbi
1178 4450 1292 4497 πλάττιιν
1306 4457 1331 4494 et
1343 4452 1467 4513 πράττειν.

1291 4524 1328 4584 ‘24
