3684 5659
806 620 962 680 ΜΕΛΕΤΗ
990 610 1043 681 IB'.
1396 619 1466 688 235

370 758 459 848 παρὰ
479 763 537 819 τῶν
561 754 701 846 φυλάκων
723 755 764 829 ὡς
782 755 808 818 οἱ
827 763 1010 844 στρατιῶται
1029 763 1081 830 τῆς
1101 757 1231 842 πόλεως,
1252 759 1393 848 φυγόντες
1408 754 1467 828 ἥδη

371 865 444 943 τοὺς
461 865 605 956 ἐχθρούς,
624 867 763 930 ἵστανται
780 865 836 954 πρὸ
857 863 971 949 πυλῶν,
994 869 1171 955 ἀνοιχθῆναι
1189 867 1305 943 τούτοις
1321 893 1468 957 παρακα-

371 978 492 1053 λοῦντες
514 978 567 1048 τὴν
586 972 718 1059 ε’ίςοδον,
745 976 772 1040 οἱ
791 971 821 1040 δ’
841 975 943 1067 ἐχθροὶ
962 980 1043 1041 κατά
1064 980 1158 1043 νώτου
1176 978 1309 1063 τούτοις,
1332 981 1373 1054 ὡς
1392 979 1468 1044 συλ-

371 1089 556 1176 ληψόμενοι,
578 1083 760 1171 σπεύδουσι,
787 1090 838 1151 καὶ
856 1091 936 1151 ἔστιν
955 1090 1074 1178 ἀνάγκη
1095 1092 1151 1165 τάς
1175 1090 1257 1166 κλεῖς
1278 1086 1396 1155 διδόναι
1416 1094 1468 1155 καί

372 1207 572 1292 παραχωρεῖν
588 1199 729 1289 ἀνοίγειν,
745 1199 786 1284 μή
800 1222 863 1272 πως
881 1200 1049 1287 φθάσαντες
1067 1200 1093 1263 οἱ
1111 1196 1352 1276 καταδιώκοντες
1367 1209 1471 1276 κακῶς

372 1310 446 1387 τοὺς
469 1309 630 1401 ἡμετέρους
656 1309 861 1400 ἐργάσωνται·
887 1311 927 1384 ὡς
949 1302 999 1373 οῦν
1021 1311 1108 1375 ταῦτ’
1127 1312 1226 1402 ἔλεγον
1245 1313 1271 1376 οἱ
1296 1313 1470 1403 φυλάσσον-

372 1446 442 1506 τες,
466 1420 599 1506 ἐνταῦθ’,
622 1417 727 1507 οἶμαι,
752 1422 909 1495 σκοπήσας
929 1421 944 1484 ὁ
965 1423 1199 1512 στρατηγός-
1217 1425 1268 1487 καὶ
1291 1423 1468 1514 προςέχετε,

372 1533 567 1625 παρακαλῶ,
587 1535 612 1596 εί
632 1531 733 1608 καλῶς
753 1534 947 1619 στοχάζομαι
968 1540 1026 1596 τῶν
1047 1536 1301 1623 πραγμάτων-
1314 1537 1472 1610 σκοπήσας

371 1644 486 1728 τοίνυν,
506 1645 558 1708 καί
580 1638 708 1707 συνιδὼν
725 1644 783 1725 ὡς,
808 1645 833 1705 εί
851 1639 903 1728 μὲν
920 1642 976 1715 τάς
998 1640 1094 1717 πύλας
1116 1640 1258 1728 ἀνοίξειε,
1283 1646 1470 1714 σωθήσονται

373 1753 429 1842 μὲν
453 1754 480 1818 οἱ
500 1753 641 1830 πολῖται,
667 1755 834 1822 ἀπαντήσει
851 1747 884 1816 δὲ
901 1754 953 1816 καί
972 1763 1034 1828 τοῖς
1052 1753 1205 1844 ἡμετέροις
1223 1756 1310 1824 ἱκανη
1328 1758 1471 1844 θεραπεία

372 1872 434 1930 τῶν
449 1864 649 1930 ἀπολωλότων
668 1864 749 1928 κατά
772 1862 919 1949 πόλεμον,
944 1865 995 1927 καί
1022 1859 1107 1928 οῦδὲν
1130 1868 1214 1930 ἔσται
1237 1865 1271 1929 τὸ
1291 1860 1397 1953 κέρδος
1420 1873 1472 1940 τῆς

374 1978 542 2052 κακονοίας
568 1975 669 2061 αύτῷ·
700 1977 725 2038 εἰ
750 1968 859 2039 δ’,οῦκ
883 1970 1028 2056 ἀνοίξειε,
1055 1974 1301 2060 καταλήψονται1
1326 1974 1379 2063 μὲν
1404 1975 1472 2050 τοὺς

373 2086 542 2179 φεύγοντας
558 2089 610 2151 καί
628 2090 763 2150 κτενοῦσι
781 2086 837 2176 πρὸ
854 2093 913 2149 τῶν
930 2086 1030 2150 πυλῶν
1047 2086 1074 2150 οἱ
1091 2086 1247 2174 πολέμιοι,
1266 2089 1336 2174 ἡμῖν
1353 2082 1387 2151 δὲ
1406 2087 1472 2174 άμα

374 2196 428 2285 μὲν
455 2197 587 2286 αἰσχύνη
604 2199 656 2262 καὶ
675 2192 788 2271 όνειδος
806 2199 911 2279 ἔσται,
934 2198 974 2271 ὡς
992 2193 1057 2261 οὐδ’
1076 2197 1156 2272 ἐντὸς
1173 2206 1231 2262 τῶν
1250 2198 1368 2263 κόλπων
1390 2199 1473 2284 ήμῶν

374 2316 517 2402 ἄντικρυς
545 2313 769 2400 καταφυγοῦσιν
794 2309 867 2383 οἵοις
888 2333 920 2371 τε
943 2305 1064 2391 βοηθεῖν
1089 2319 1241 2399 φανεῖσιν,
1269 2310 1335 2394 άμα
1360 2304 1393 2372 δὲ
1420 2311 1471 2372 καί

374 2420 453 2493 λύπη
475 2422 528 2485 καί
556 2421 671 2507 ἀθυμία
695 2415 795 2498 δεινή,
823 2418 867 2483 ότι
888 2421 939 2483 καί
966 2416 1016 2493 οῦς
1038 2420 1200 2505 ἠλπίζομεν
1223 2423 1316 2506 ἔχειν,
1342 2422 1366 2482 εἰ
1385 2419 1473 2504 μόνον

375 2536 450 2607 ζῶεν
475 2529 522 2595 ἐπὶ
549 2538 680 2621 καιρῶν,
707 2529 829 2606 τούτους
853 2528 1104 2616 ἀποθεῦλήκαμεν
1127 2528 1242 2593 τέλεον·
1268 2529 1355 2593 ταῦθ’
1380 2531 1473 2594 ὁτῶν

375 2640 528 2734 ἡμετέρων
543 2637 708 2727 κηδόμενος
725 2643 894 2733 στρατηγὸς
912 2632 1017 2717 οῦτος,
1036 2642 1088 2705 καί
1109 2648 1162 2715 τῆς
1178 2649 1266 2727 τιμῆς
1283 2636 1375 2716 ἀξίως
1393 2643 1473 2726 ἡμᾶς

375 2742 600 2842 ἀμείὸόμενος,
634 2756 675 2828 εἰς
704 2759 772 2817 νοῦν
798 2749 901 2827 βαλών
931 2777 962 2816 τε
992 2754 1043 2816 καί
1062 2733 1290 2842 λογισάμενος,
1321 2760 1474 2842 κραταιῶς

376 3044 442 3095 idem
452 3041 584 3110 participio
598 3041 673 3090 uitato
683 3079 689 3100 ,
700 3046 856 3107 προςταχθὲν.
872 3040 911 3089 Ju-
940 3050 976 3090 est
986 3041 1037 3104 ipsa
1048 3039 1181 3090 Biblioruin
1192 3040 1275 3090 lectio.
1287 3040 1390 3102 Ibidem,
1398 3057 1424 3104 p.
1432 3044 1473 3097 22,

376 3122 462 3173 dicent
472 3120 519 3171 viri
531 3119 619 3170 critici.
940 3120 1005 3184 quod
1021 3120 1108 3184 scripsi
1120 3122 1252 3183 γλωσσόνδει
1266 3127 1325 3185 (pro
1340 3121 1475 3183 γλωσσώδη)

409 3199 507 3258 ¹Cod.,
516 3202 713 3263 καταλείψονται,
727 3198 870 3263 permutatis
883 3196 914 3246 de
941 3200 1055 3267 ἀνθρώπῳ
1068 3208 1102 3262 μὴ
1114 3201 1251 3264 διαμάχου,
1264 3198 1422 3248 confirmatur
1432 3214 1474 3247 co-

376 3294 473 3337 moravi
491 3288 518 3329 et
530 3299 562 3329 ιι.
580 3276 710 3342 Gregorius
723 3278 780 3327 Naz.
795 3277 870 3325 Antb.
884 3279 913 3336 8,
942 3277 1006 3326 dice.
1027 3276 1134 3335 ibidem,
1149 3293 1174 3342 p.
1197 3280 1242 3337 tt,
1263 3277 1318 3325 ioco
1340 3291 1475 3341 anonymo,

378 3356 575 3423 Epigrammata,
589 3357 651 3414 165,
664 3355 733 3421 cujus
744 3366 781 3404 est
791 3355 881 3404 lemma
890 3354 914 3403 in
941 3357 985 3405 sed
997 3372 1070 3420 quem
1081 3356 1160 3406 codex
1175 3355 1241 3404 idem
1254 3355 1370 3420 Εῦαγρίου
1385 3370 1438 3403 esse
1452 3355 1474 3402 in

377 3436 465 3489 codiee
477 3434 663 3502 antiquissimo,
680 3439 712 3492 εἷς
726 3440 853 3503 Γρηγόριον
866 3455 915 3497 μη·
942 3435 1051 3499 margine
1060 3435 1150 3485 docet:
1164 3440 1215 3486 θεοῦ
1225 3438 1294 3501 φόὸον
1306 3436 1407 3482 σύνοικον
1417 3433 1476 3497 ἔχων

378 3516 520 3587 τριάδιλφον
532 3534 538 3563 ε
552 3517 578 3564 αἱ
588 3515 613 3564 δὲ
626 3520 737 3583 πάροιθεν
750 3522 796 3572 Τῆς
805 3532 917 3581 γηροτρο·
943 3516 965 3564 ἓν
978 3516 1071 3580 διανοίᾳ
1084 3520 1178 3564 πάντων
1194 3522 1270 3561 κακῶν
1284 3513 1386 3580 ἐκφεύξει
1400 3513 1431 3560 δι’
1446 3515 1476 3560 ὢν

360 3604 435 3667 ,φίης
455 3595 549 3651 ίλπίθες
568 3593 621 3644 οῦδὲ
642 3599 712 3651 κόνις.
736 3593 780 3642 Est
798 3593 916 3649 varietas,
944 3599 970 3642 αἱ
982 3599 1108 3661 τιμωρίαι.
1124 3592 1214 3642 Deesse
1225 3589 1322 3639 videtur
1338 3589 1454 3639 articulus
1471 3609 1476 3636 :

379 3676 426 3727 εἰσί
436 3678 516 3735 κόνις,
528 3673 576 3723 εἴθε
588 3677 658 3730 κόνις.
669 3672 721 3722 Non
736 3672 800 3722 male
812 3670 918 3735 conjecit
944 3675 1064 3722 ὁσύνοικον
1073 3672 1177 3736 ἔχων...
1188 3673 1299 3739 ἐκφεύξει.
1307 3668 1351 3718 Est
1359 3667 1383 3716 in
1392 3668 1478 3718 codice

378 3747 527 3803 amioum
539 3752 583 3809 ηδε
595 3756 671 3810 κόνις,
684 3750 781 3800 favente
792 3758 918 3812 permuta·
943 3753 1048 3820 ἐκφεύξῃ.
1070 3749 1158 3800 Dubito
1177 3749 1209 3799 de
1231 3757 1349 3806 accentu,
1367 3763 1398 3797 an
1415 3745 1478 3796 benu

380 3830 457 3881 ίίυυε.
475 3830 528 3880 Nec
540 3829 655 3895 displicet
670 3828 746 3879 altera
762 3827 849 3887 lectio,
863 3831 917 3878 εἰσί.
945 3845 1000 3879 eum
1011 3829 1173 3879 exhibuerim.
1187 3829 1266 3879 Velim
1281 3829 1354 3878 scribi
1369 3831 1478 3896 ἐκφευξῇ,

381 3908 479 3960 bibulas
492 3907 603 3959 medicus
615 3905 766 3974 Epistola,§
779 3909 792 3955 ί
806 3926 812 3955 ι
824 3907 880 3957 ὅταν
894 3927 918 3956 τι
944 3907 1039 3957 scilicet
1047 3909 1106 3972 ἔχων
1118 3912 1145 3958 σύ
1157 3927 1168 3951 ι
1180 3907 1279 3973 effugies
1290 3906 1425 3970 ·.Tangam
1437 3921 1477 3953 se-

381 3987 471 4039 τούτιιν
481 3996 647 4056 προσημαίνει.
657 3985 760 4036 Codex:
775 3986 831 4036 ὅταν
843 3985 881 4036 οῦν
894 4008 918 4037 τι
945 3997 1060 4052 quantem
1074 3987 1219 4037 sententiam
1233 4007 1239 4036 ε
1253 3989 1382 4035 Βασιλείαν.
1400 3988 1480 4050 Θερα-

382 4087 406 4117 τ.
417 4072 569 4136 προτημάνη.
581 4065 633 4117 lmo
643 4072 806 4135 προσημαίνῃ,
820 4064 873 4130 ut§
888 4068 918 4115 5:
946 4071 1061 4130 πινόμενα
1085 4073 1116 4116 τὰ
1146 4066 1292 4134 ὑπερηφάνου
1318 4067 1362 4120 ἥθη
1391 4066 1479 4112 ἑαυτῶν

384 4146 441 4199 όταν
452 4141 492 4199 οῦν
509 4150 615 4197 τοιοῦτόν
634 4167 659 4197 τε
670 4152 828 4214 προσημαίνῃ.
845 4143 919 4194 Geor·
945 4144 1150 4213 ῦπεροπτικώττρα
1162 4149 1265 4207 γίνεσθαι
1277 4148 1381 4210 πέφυκεν.
1396 4139 1479 4190 Codex

383 4223 452 4289 gidus
469 4224 647 4290 Guomologio‚
662 4227 687 4273 in
708 4223 841 4273 anecdotis
859 4224 920 4272 meis
945 4223 1026 4281 idem,
1048 4230 1079 4273 τὰ
1101 4223 1249 4290 ὑπερήφανα,
1274 4220 1352 4279 bene,
1379 4229 1404 4268 et
1426 4220 1479 4284 ipse

381 4302 426 4354 Gr.
437 4314 456 4354 t.
470 4305 497 4365 1,
514 4319 542 4368 p.
557 4306 599 4362 57,
611 4303 758 4353 versiculum
775 4301 843 4352 affert
859 4302 919 4351 Pro·
945 4304 1092 4370 ὑπερηφάνου
1108 4302 1158 4351 fere
1178 4301 1273 4350 calamo
1290 4316 1346 4348 nien
1368 4298 1480 4349 titubanti

383 4381 522 4433 rumorum
534 4402 540 4431 ι
554 4392 590 4447 μὴ
601 4385 695 4452 ἀπόσχῃ
710 4378 735 4431 εῦ
749 4392 824 4431 ποιεῖν
840 4383 918 4431 ἐνδεεῖ.
947 4381 1071 4429 tribuerim
1080 4400 1086 4440 ς
1099 4379 1244 4444 inuenioque
1260 4394 1325 4427 nunc
1344 4380 1480 4447 ὑπερήφανα

386 4458 502 4513 “audinum
514 4461 588 4512 alium
601 4461 649 4511 vidi
663 4462 688 4511 in
708 4476 755 4524 quo
773 4461 851 4520 ἐνδεῆ,
866 4477 919 4524 quin
949 4461 971 4508 in
985 4460 1037 4523 ipso
1047 4458 1136 4508 Basilio
1147 4458 1217 4509 llum.
1228 4458 1289 4509 Mor.
1305 4474 1328 4522 p.
1347 4459 1404 4505 ait,
