3684 5659
773 357 837 476 s

753 520 758 557 ι

442 639 489 710 54
694 692 704 699 ,.
717 610 749 705 ,·’
779 645 815 704 r.
842 644 917 704 noi·
941 638 1196 706 mutunoom

440 760 514 847 Α’λλ’
529 688 771 863 &inmotus
788 786 827 865 τῷ
841 774 1034 866 βουλομένω,
1052 780 1142 866 μόνον
1154 775 1179 842 εί
1191 775 1237 842 ἐπ’
1256 775 1392 864 εὐμενείᾳ
1406 777 1533 868 τράποι

440 914 504 984 τις,
526 875 677 983 χρήσιμον
698 899 736 980 τῇ
756 884 880 980 πατρίδι
896 898 1009 974 ποιεῖν,
1029 890 1080 954 καὶ
1103 887 1161 977 οῦχ
1181 889 1303 979 ὁριστὰς
1318 890 1400 976 ἐχειν
1416 885 1535 980 ἐτέρους

439 1005 492 1068 τοῦ
508 1010 572 1076 πῶς
587 1002 623 1065 ἂν
636 1001 670 1065 τὸ
685 1000 777 1065 καλὸν
790 1001 1016 1090 οίπεργοίσαιτο.
1031 1003 1084 1062 Δεῖ
1097 1000 1156 1089 γὰρ
1170 994 1329 1078 ἕκαστον’,
1345 1003 1426 1089 είπερ
1441 996 1534 1063 ἐθέλει

367 1119 370 1126 ‘
439 1102 734 1204 παρωνυμεῖσθαιτῄ
751 1111 836 1176 πόλει
850 1112 981 1202 γνησίως
1002 1110 1054 1174 καί
1072 1108 1197 1184 πολίτης
1212 1106 1332 1172 ἀκούειν
1348 1115 1403 1184 τῆς
1418 1107 1535 1184 πόλεως

439 1208 543 1304 ἄξιος,
565 1223 667 1297 καθὼς
689 1224 752 1309 ἔχει
773 1216 929 1308 δυνάμεως
947 1217 1085 1305 βοηθεῖν,
1105 1220 1158 1284 καί
1175 1219 1212 1290 ἢν
1228 1218 1302 1309 πρὸς
1317 1219 1351 1283 τὸ
1371 1222 1425 1308 ζῇν
1443 1217 1534 1285 ἔλαθε

439 1329 564 1416 τέχνην,
581 1330 693 1402 ταύτην
707 1339 817 1423 κιχρᾷν
831 1339 868 1419 τῇ
880 1326 1006 1421 πατρίδι
1018 1331 1092 1421 πρὸς
1104 1329 1139 1395 τὸ
1153 1330 1235 1394 κατὰ
1248 1329 1353 1420 καιρὸν
1367 1331 1530 1421 χρήσιμον·

439 1438 497 1502 κᾶν
517 1441 615 1532 ῥήτωρ
633 1440 734 1531 λόγοις
757 1439 850 1505 ἐθέλοι
867 1441 920 1510 τὴν
940 1436 1075 1532 πατρίδα
1094 1439 1283 1530 ἐγκωμοίζειν
1304 1440 1356 1503 καὶ
1382 1437 1531 1523 ἐπαινεῖν,

439 1548 481 1633 μὴ
498 1548 623 1614 κωλύειν
640 1549 732 1615 ἄλλον
748 1551 798 1615 τὸν
819 1547 959 1640 πρόπονδ,
978 1553 1030 1614 καὶ
1050 1555 1148 1626 ζητεῖν
1164 1549 1258 1620 οίλλην
1274 1547 1347 1640 παρ’
1366 1547 1480 1613 ἐκείνου
1497 1556 1534 1637 τῇ

438 1659 523 1724 πόλει
547 1660 707 1751 σύναρσιν·
729 1661 786 1726 κοίν
805 1660 965 1752 φιλόσοφος
981 1663 1134 1753 ῥυθμίζειν
1152 1655 1350 1750 προαιρεῖταιι
1370 1658 1440 1735 τοῦς
1455 1682 1533 1724 νεω-

438 1770 541 1862 τέρους
557 1778 611 1846 τῆς
626 1770 759 1855 πόλεως,
778 1774 900 1862 ἀγαπᾷν
920 1773 972 1835 καί
994 1766 1202 1858 ἀποδέχεσθαι
1219 1771 1269 1836 τὸν
1287 1769 1455 1854 ἀκούοντα,
1479 1773 1531 1836 καί

438 1875 532 1965 μηδὲν
548 1880 637 1946 πλέον
655 1886 751 1957 ζητεῖν
768 1881 787 1952 ἢ
805 1880 874 1947 ὅσον
891 1880 1002 1956 ἐκεῖνος
1018 1876 1160 1945 δύναται.

486 1994 523 2055 Εἰ
542 1994 601 2083 γοίρ
616 2017 661 2068 τις
676 1991 799 2068 τούτους
815 1992 943 2076 κωλύοι,
960 1990 1077 2082 ἐροῦσιν
1089 1998 1164 2067 ἴσως
1175 1991 1249 2083 πρὸς
1261 1989 1331 2066 τοῦς
1345 1990 1528 2068 κωλύοντας·

437 2103 517 2167 ἐνθεν
534 2100 587 2185 μὲν
604 2103 620 2166 ’ὁ
640 2105 758 2194 ῥήτωρ·
1446 2096 1449 2101 ’

487 2237 503 2269 «
518 2188 545 2277 θ
560 2210 729 2298 βέλτιστοι,
749 2215 779 2277 τί
794 2216 964 2307 πράγματα
980 2239 1030 2301 μοι
1043 2213 1212 2304 παρέχετε,
1228 2215 1355 2278 κάκεῖνα
1370 2212 1444 2306 παρ’
1460 2212 1533 2301 ἐμοῦ

438 2326 554 2398 ζητεῖτε
573 2317 618 2400 οἷς
635 2323 669 2388 οῦ
686 2324 853 2417 προςέσχον
870 2326 920 2391 τὸν
936 2329 1004 2390 νοῦν
1023 2325 1077 2396 τὴν
1095 2327 1211 2416 ἀρχήν;
1227 2324 1328 2389 Καλὸν
1344 2319 1381 2395 ἦν
1398 2331 1462 2415 ἄρα
1479 2325 1531 2389 καί

438 2437 463 2498 εί
478 2439 786 2528 συμπαρατοίττεσθαι
804 2437 1006 2528 στρατιώταις
1018 2443 1144 2526 ἴσχυον,
1164 2437 1216 2502 καὶ
1237 2431 1310 2527 δόρυ
1328 2433 1462 2525 στρέφειν
1478 2436 1536 2500 καί

439 2549 558 2618 σποίθην
574 2556 683 2628 κινεῖν,
703 2549 836 2624 καὶτοῖς
858 2544 1006 2624 κινδύνοις
1025 2548 1117 2636 ὁμόσε
1134 2555 1261 2640 χωρεῖν,
1273 2547 1338 2610 -καί
1358 2543 1533 2635 μεγαλύνειν

437 2657 490 2727 τὴν
503 2658 588 2724 πόλιν
602 2654 644 2722 δι’
658 2654 870 2749 ἀνδραγαθιὼν
882 2667 941 2723 τῶν
954 2658 1049 2747 ἐμῶν·
1070 2658 1176 2741 καλόν,
1192 2660 1217 2722 εί
1232 2654 1396 2744 δυνοίμενος
1412 2654 1535 2745 ἐτειχο-

437 2764 554 2832 ποίουν“
571 2771 623 2832 καί
643 2767 773 2854 οίνύψουν
787 2771 827 2833 τὰ
843 2771 931 2857 τείχη
946 2769 1165 2860 λαμπρότερον·
1188 2768 1279 2833 καλὸν
1298 2768 1372 2833 ἄλλο
1389 2793 1418 2832 τι
1435 2769 1535 2859 προίτ·

437 2900 497 2940 τειν
514 2881 659 2968 σωτήριον
675 2879 726 2941 καί
746 2881 788 2952 εἰς
806 2879 975 2967 φιλοτιμίαν
992 2879 1045 2948 τήν
1061 2873 1264 2967 γιγνομένηνί.
1283 2859 1357 2940 Επεὶ
1375 2873 1406 2941 δ’
1419 2881 1439 2948 ἡ
1453 2878 1532 2966 τύχη

438 2986 492 3051 οῦκ
515 2987 560 3052 ἐπὶ
583 2987 699 3062 τούτοις
722 3012 759 3073 με
780 2987 1010 3078 κατεκλήρωσε,
1036 2981 1102 3051 δέον
1129 2986 1228 3062 οῖλλως
1247 2983 1390 3052 δεικνύειν
1406 2989 1460 3058 τὴν
1479 2990 1532 3053 εῦ··
1564 2985 1566 2988 ⁴

437 3120 520 3163 νοιαν
533 3100 584 3162 καί
600 3096 776 3188 μεγαλύνειν
795 3099 848 3169 τὴν
866 3094 1019 3188 πατρίδα,
1038 3098 1123 3188 παρὰ
1136 3102 1192 3163 σοῦ
1215 3098 1452 3186 κωλυθήσομαι;
1471 3099 1533 3191 ἐγὼ

438 3206 490 3295 μὲν
508 3207 562 3273 οῦκ
581 3205 708 3295 οἶμαι».

487 3321 546 3385 Καὶ
571 3324 669 3384 ταῦτα
693 3317 745 3408 μὲν
767 3319 781 3383 ὁ
804 3321 902 3412 ῥήτωρ
922 3319 1024 3395 καλῶς
1046 3345 1080 3412 γε
1096 3327 1190 3387 ποιῶν
1212 3319 1271 3414 ἐρεῖ
1295 3322 1347 3386 καὶ
1368 3315 1461 3397 οίξίως
1478 3330 1531 3400 τῆς

441 3431 572 3507 πόλεως’
593 3430 608 3496 ὃ
628 3425 662 3495 δὲ
679 3429 857 3521 φιλόσοφος·

486 3544 549 3606 «Τί
568 3543 620 3613 τὴν
645 3540 716 3628 ἐμὴν
740 3540 904 3628 ἐπιστήμην
927 3542 1102 3632 φανλίζετε,
1124 3544 1175 3607 καί
1194 3543 1285 3629 μόνην
1303 3541 1449 3613 ἀσυντελῆ
1467 3552 1531 3620 τοῖς

473 3754 479 3780 ¹
493 3752 588 3803 Schola
599 3753 729 3817 ἀντίληψις.
995 3753 1082 3818 piades
1091 3752 1191 3803 Anthol.
1206 3755 1251 3814 tt,
1267 3755 1312 3802 163
1322 3771 1330 3802 ε
1343 3750 1414 3820 Εὗρεν
1424 3749 1499 3821 Ἔρως
1506 3774 1531 3805 τι

470 3831 480 3856 ²
494 3832 587 3883 Schol.:
601 3836 661 3888 θέσις
674 3833 802 3899 ἀναιροῦσα
813 3836 853 3881 καί
865 3838 908 3889 τὴν
922 3851 970 3897 με-
995 3835 1058 3899 καλῷ
1067 3835 1138 3894 μῖξαι
1150 3832 1229 3889 καλόν,
1240 3832 1293 3895 οῦχί
1304 3833 1426 3899 μάραγδον
1434 3839 1530 3900 Χρυσῷ,

437 3915 536 3977 τάληψιν
550 3920 591 3968 τὴν
604 3912 723 3979 δευτέραν.
872 3921 876 3930 “
996 3912 1076 3974 θυμοῖτ’
1093 3911 1158 3960 ἀνθεῖ
1174 3917 1236 3973 μήτε
1248 3912 1333 3972 γίνοιτ’
1349 3912 1371 3959 ἐν
1384 3912 1436 3973 ίσῳ.
1449 3909 1531 3960 Malim

470 3989 531 4040 ‘Sic
544 3990 630 4041 codex.
646 3989 773 4048 Fortasse,
787 3990 894 4038 κελεύειν.
997 3987 1531 4055 ἃμήτ’ἀνθοῖ.Βεοροοάείνῖιάνθοϊοεσσοοιῖ

471 4067 554 4120 ‘Fore
564 4068 660 4118 videtur
674 4081 728 4117 eoae
742 4076 895 4137 προαιρεῖται
911 4067 972 4118 ocri·
997 4073 1098 4132 γίνοιτο,
1111 4076 1137 4117 et
1148 4070 1170 4117 ἐν
1185 4068 1226 4133 ίοῳ
1237 4067 1269 4116 ad
1284 4077 1416 4134 utrumque
1428 4067 1532 4118 verbnm

437 4157 516 4212 ptum.
997 4145 1112 4212 pertinet.
1133 4147 1224 4196 Locum
1245 4147 1346 4195 tentavit
1362 4146 1399 4195 vir
1418 4144 1531 4215 dontinus

471 4222 597 4283 Β(ἔσθει,
624 4226 793 4288 ἐτοιχοποίουν.
824 4223 971 4274 Permutatio
997 4224 1128 4291 sed·quam
1149 4224 1283 4275 mutatione
1301 4225 1366 4275 facta
1384 4226 1531 4276 sententiam

439 4301 511 4351 solita
535 4302 661 4352 nominum
681 4311 759 4365 τεῖχος
782 4311 806 4349 et
826 4311 918 4366 τοῖχος,
940 4301 972 4352 ob
996 4302 1052 4352 ioco
1075 4302 1228 4365 dedit,eam
1243 4303 1296 4352 nine
1312 4303 1446 4352 mutatione
1462 4302 1532 4356 innuo

437 4394 536 4430 sensum
546 4380 671 4444 utriusque
685 4395 735 4430 non
749 4379 820 4429 vaide
831 4379 971 4445 disparilem
997 4381 1079 4431 hahet.

438 4464 463 4506 et
472 4455 575 4521 parilem
583 4457 703 4508 vocalium
716 4477 737 4507 ει
749 4476 770 4508 οι
779 4471 874 4509 sonum.
886 4458 971 4509 Aonie·
1031 4458 1199 4526 8Γιγνομίνην]
1213 4458 1268 4510 vide
1279 4475 1304 4524 p.
1323 4461 1362 4519 to,
1376 4474 1400 4508 n.
1416 4459 1441 4507 5.
