3684 5659
442 622 513 691 296
890 622 1083 684 ΙΕΡΟΚΛΗΣ

482 755 573 873 ρροῖ.
609 758 818 854 Είιτροίτιελος1
850 758 1030 850 κυὸερνήτης
1060 757 1217 850 ἐρωτηθεὶς
1245 759 1274 821 τί
1302 765 1405 848 ρυσᾷ,
1438 753 1532 822 εἶπεν·

444 900 458 932 ιι
474 879 567 949 Error
583 874 634 938 καλ
652 872 808 962 κρόμμυα.

492 1010 572 1112 ρμ6’.
597 1013 804 1111 Εὐτροίπελον’
820 1015 1032 1101 ὀφθαλμιῶντα
1050 1011 1152 1102 ἰατρὸς
1173 1010 1301 1087 κλέπτης
1324 1007 1469 1087 δανείσας
1486 1012 1538 1077 λύ-

445 1158 515 1222 χνον
530 1131 647 1218 ἔκλεψε.
659 1136 720 1213 Misi
738 1120 788 1193 οὖν
803 1135 862 1191 τῶν
873 1119 1007 1216 ἡρερὼν’
1020 1123 1124 1213 ἠρώτα
1138 1121 1245 1186 αὐτόν·
1264 1127 1358 1197 «Πῶς
1372 1126 1454 1211 ἔχεις
1470 1120 1538 1195 τοὺς

445 1241 615 1335 ὀφθαλμούς
629 1262 662 1319 ν;
682 1241 740 1304 Καὶ
765 1239 780 1302 ὁ
799 1234 978 1326 εὐτράπελος
996 1237 1068 1324 ἔφη·
1093 1257 1108 1290 ιι
1118 1231 1170 1323 ἀρ’
1190 1224 1224 1297 οἷν
1239 1257 1290 1319 μοι
1307 1227 1468 1306 ἐδάνεισας
1489 1233 1537 1295 τὸν

445 1354 566 1442 λύχνον,
587 1352 621 1417 οὐ
639 1348 739 1435 βλέπω
758 1344 863 1413 αὐτόνι
876 1371 906 1410 ν.

494 1493 575 1597 pits·
587 1496 788 1592 Εὐτραπέλῳ“
802 1502 896 1590 ἰατρῷ
908 1496 988 1588 λέγει
1000 1515 1057 1572 τις·
1074 1521 1089 1552 ιι
1100 1477 1163 1560 also
1175 1497 1271 1583 κτήσῃ
1283 1496 1391 1585 θερμὸν
1401 1497 1534 1586 ἀγγεῖον,

447 1616 552 1706 θερμόν
570 1637 603 1677 σε
619 1612 653 1676 οὐ
673 1610 810 1697 λείψειν.
847 1676 853 1684 ,

495 1753 576 1854 ρρδ’.
606 1752 814 1852 Εὐτροὶπελος“
836 1757 929 1847 ἀρχὸν
951 1752 1070 1847 δρομέα
1090 1750 1180 1838 ἰδών,
1204 1751 1301 1820 εἶπεν·
1323 1779 1339 1811 ιι
1358 1750 1442 1819 Οἶδα
1463 1757 1538 1830 τίνος

446 1877 552 1963 χρῄζει
577 1873 591 1936 ὁ
617 1870 718 1961 κύριός
747 1893 804 1954 μου
828 1860 913 1942 οὗτος
935 1891 963 1930 o.
989 1871 1048 1931 Τοῦ
1071 1861 1104 1930 δὲ
1126 1865 1314 1954 ἀγωνοθέτου
1336 1865 1539 1956 ἐρωτήσαντος

447 2009 462 2040 ιι
476 1986 512 2047 Τι’
535 1982 614 2046 ἐστίν
630 2005 662 2056 »3
687 1976 782 2045 εἶπεν·
809 2005 822 2034 ι
840 1961 933 2043 innuo
954 1981 1078 2070 χρῄζει·
1102 1976 1202 2053 ἄλλως
1223 1978 1284 2068 γὰρ
1304 1976 1375 2053 τοὺς
1397 1981 1538 2070 ἀνταχω·

446 2094 550 2167 νιστὰς
566 2089 753 2156 καταλ.α6εῖν
772 2087 807 2153 οὐ
822 2084 952 2152 δύναται
968 2112 997 2151 ν.

497 2234 571 2334 ρρε’.
591 2222 806 2332 Ἐὑτροέπελοςῖ
829 2238 964 2314 κάπηλος
987 2237 1079 2330 εὑρὼν
1099 2234 1267 2314 ταξεώτην’
1288 2238 1335 2303 ἐπὶ
1361 2247 1400 2327 τῇ
1422 2241 1538 2330 γυναικὶ

450 2352 560 2438 αὐτοῦ,
581 2349 676 2417 εἶπεν·
697 2377 711 2405 ιι
728 2341 822 2440 Ηῖιρον
840 2348 855 2414 ὃ
874 2347 928 2414 οὐκ
946 2347 1110 2423 ἐζήτουν».

449 2566 556 2617 hancde
572 2581 598 2615 se
617 2574 698 2614 narrat
715 2562 864 2613 historiolam
878 2561 982 2625 epistola
1008 2559 1080 2610 dictis
1103 2559 1285 2619 melioribus-3
1312 2576 1361 2626 qun
1387 2561 1541 2628 Captivorum

449 2645 616 2710 pseudonyma
638 2655 705 2692 sexta
733 2658 816 2691 carum
837 2656 896 2706 quas
915 2640 981 2689 edidi
1009 2638 1153 2688 recensione
1169 2637 1243 2688 docta
1258 2649 1283 2688 et
1299 2637 1422 2689 laboriosa
1437 2641 1544 2706 praelusit

450 2725 513 2771 inter
523 2722 598 2771 Notit.
608 2721 688 2769 ltann.
698 2731 716 2769 t.
727 2719 762 2778 X,
773 2736 798 2782 p.
811 2719 867 2766 243.
1008 2717 1045 2765 vir
1054 2715 1231 2766 eruditissimus
1241 2726 1277 2765 tot
1287 2717 1391 2780 egregiis
1401 2717 1543 2785 libris,qui-

483 2800 586 2848 'Exstat
596 2800 620 2846 in
633 2815 682 2847 uno
697 2798 726 2846 Α,
740 2797 810 2846 Gens.
823 2794 838 2859 S
852 2794 896 2866 ρκ’.
1008 2793 1053 2843 hus
1063 2795 1211 2859 antiquitatis
1222 2794 1302 2844 studia
1310 2795 1440 2845 illustravit
1452 2812 1479 2846 ac
1489 2813 1542 2861 pro·

482 2877 491 2902 ¹
503 2878 588 2925 Exstat
599 2877 623 2924 in
637 2892 686 2924 uno
699 2876 728 2924 Α.
1007 2873 1090 2921 morit.

484 2956 493 2981 ³
503 2954 614 3003 Forrnula
631 2964 668 3001 cst
681 2954 768 3015 linguae
782 2953 926 3001 recentioris
938 2963 983 3017 μιᾷ
1041 2950 1052 2976 ⁴
1062 2952 1144 3000 Potest
1154 2951 1257 3000 conserui
1266 2951 1367 3015 AEsopia
1376 2951 1468 3001 Fabula
1478 2953 1541 3001 huus

449 3045 494 3083 τῶν
515 3039 621 3100 ἡμερῶν,
642 3040 766 3094 praeeunte
784 3030 849 3077 liuca
868 3031 983 3093 Evange-
1009 3042 1033 3078 ct
1042 3029 1139 3078 Medici.

450 3115 518 3165 lista.
534 3122 558 3159 et
577 3127 630 3158 curn
652 3109 822 3173 propositione
842 3111 863 3156 ἐν
877 3118 922 3173 μιᾷ
937 3121 982 3158 τῶν
1042 3107 1052 3131 ¹⁵
1066 3107 1140 3156 hhest
1150 3107 1180 3156 ab
1192 3108 1213 3155 hi
1225 3118 1249 3156 et
1259 3108 1298 3166 l’.,
1309 3119 1333 3157 ct
1345 3107 1409 3156 Edd.
1425 3108 1468 3157 Est
1478 3109 1508 3157 aa
1518 3109 1540 3156 in

451 3199 551 3258 ἡμερῶν,
562 3190 633 3237 etiam
649 3192 671 3237 ἐν
685 3198 730 3251 μιᾷ
743 3186 892 3236 brevissime.
909 3187 983 3235 Joan-
1010 3185 1102 3249 hpogr.
1121 3185 1190 3235 Voss.
1209 3196 1233 3234 et
1253 3185 1312 3243 Rh,
1330 3185 1371 3235 ubi
1385 3205 1390 3233 :
1405 3187 1541 3255 εὐτράπελος

451 3287 493 3318 nes
506 3269 635 3317 Monachus
653 3267 705 3315 Vim
717 3266 834 3314 Barlaami
848 3266 870 3313 in
888 3267 981 3313 anecd.
1010 3285 1045 3320 τις
1062 3267 1137 3332 ἰατρῷ
1152 3269 1222 3328 λέγει·
1240 3268 1337 3320 Πολλοὺς
1354 3265 1470 3333 ἄνθρακας
1484 3267 1538 3329 ἔχοι.

451 3349 493 3397 Gr.
514 3349 588 3402 rucis.
609 3360 625 3397 t.
646 3346 686 3403 lv,
706 3363 731 3411 p.
752 3349 778 3393 31
798 3365 803 3393 ε
823 3346 844 3393 ἐν
861 3355 906 3410 μιᾷ
922 3349 982 3406 λέγει
1009 3344 1120 3399 Κάκεῖνος
1139 3345 1190 3412 ἔρη.
1207 3339 1262 3392 Ἐὰν
1279 3347 1389 3406 χαλκεῖον
1404 3345 1465 3408 ἔχεις
1481 3345 1540 3409 (leg.

451 3428 515 3494 αὐτῷ
529 3432 540 3476 ὁ
553 3431 610 3482 υἱός.
621 3426 655 3475 lbi
667 3435 739 3483 uota,
754 3424 811 3472 coll.
826 3440 850 3488 p.
863 3425 919 3472 474.
932 3423 982 3470 Co·
1009 3421 1082 3490 ἔχῃς),
1099 3428 1180 3488 θερμὸν
1195 3420 1278 3471 οὔποτε
1290 3426 1372 3486 λείψει.
1382 3423 1418 3470 Ex
1428 3439 1474 3488 qua
1488 3440 1541 3471 nar·

451 3523 522 3570 rayus
532 3544 537 3563 ‚
549 3507 626 3554 latens
637 3504 682 3553 suh
692 3504 777 3552 litteris
788 3508 813 3551 Z.
826 3512 868 3561 Λ.,
878 3517 936 3550 usus
946 3513 983 3549 cst
1010 3501 1103 3548 ratione
1113 3511 1193 3565 potest
1205 3500 1305 3564 intelligi
1318 3500 1377 3565 quid
1390 3502 1464 3550 luerit
1474 3501 1543 3550 omis-

452 3584 601 3643 accusativo,
614 3591 672 3645 μίαν
688 3592 733 3631 τῶν
748 3587 849 3646 ἡμερῶν,
864 3588 921 3644 μίαν
937 3590 982 3629 τῶν
1010 3595 1062 3626 sum
1080 3580 1102 3626 in
1118 3579 1203 3628 codice
1221 3580 1254 3639 Α,
1267 3579 1302 3627 sic
1317 3579 1394 3628 ferme
1407 3580 1542 3646 supplendo

451 3670 547 3708 νυκτῶν.
561 3659 698 3707 lskcndcris
714 3660 799 3726 Σαδίκῃ
818 3674 843 3721 p.
862 3659 891 3702 38
905 3677 911 3705 2
926 3665 983 3719 μίαν
1011 3668 1035 3705 rt
1054 3659 1199 3722 corrigendo
1215 3679 1220 3706 :
1235 3659 1368 3726 εὐτραπέλῳ
1388 3662 1464 3727 ἰατρῷ
1485 3664 1542 3721 λέγει

451 3743 539 3803 ἡμέραν
551 3741 645 3792 ἠθέλησε
654 3739 685 3784 κι’
697 3736 766 3792 αὐτὸς
775 3743 802 3784 ool
813 3738 943 3803 προκαλέσρ
952 3738 984 3791 εἰς
1012 3749 1056 3792 τις·
1072 3756 1083 3779 ιι
1096 3741 1193 3793 Πολλοὺς
1206 3738 1323 3803 ἄνθρακας
1336 3739 1384 3800 ἔχω
1398 3758 1420 3787 ³.
1436 3745 1543 3794 Κακεῖνος

452 3821 577 3880 συμπόσιον
594 3821 664 3875 νευράν
682 3833 744 3862 τινα.
764 3813 865 3861 Veteres
886 3829 983 3878 quoque
1011 3818 1062 3883 ἔρη·
1075 3817 1113 3864 ἐὰν
1129 3825 1202 3884 κτήσῃ
1218 3821 1324 3879 χαλκεῖον
1343 3819 1448 3880 ἀγγεῖον,
1463 3823 1543 3886 θερμόν

453 3896 488 3944 sic
499 3896 530 3950 εἷς
544 3904 568 3941 et
582 3912 592 3936 ι
605 3909 666 3940 unus
680 3911 691 3935 ν
707 3901 840 3955 posueruut
854 3907 899 3954 pro
912 3899 948 3947 τὶς
960 3903 984 3939 et
1011 3914 1035 3943 ss
1054 3895 1079 3943 oo
1098 3899 1205 3958 λείψειν.
1221 3895 1294 3958 AEger
1313 3896 1429 3962 ἄνθρακας
1449 3896 1543 3946 dicebat

454 3970 983 4039 aaliquis».Exemplaolimcollectaame
1010 3972 1113 4029 ulcera,
1149 3973 1327 4030 carbunculos,
1369 3977 1543 4042 ἁνθρακώματα

453 4062 508 4101 sunt
527 4052 557 4099 ad
577 4050 714 4099 Philostrati
736 4049 853 4106 heroica,
873 4066 898 4111 p.
921 4050 983 4106 434,
1010 4047 1096 4115 ξρλές
1111 4050 1220 4099 medicus
1233 4052 1334 4100 facetior
1348 4052 1380 4101 de
1398 4053 1544 4103 carbonibus

453 4146 554 4194 qnorum
575 4145 621 4177 non
637 4139 692 4176 sunt
710 4138 777 4176 citra
794 4128 983 4177 controversiam
1011 4127 1168 4191 intelligebat.

454 4208 544 4255 omnia.
570 4207 639 4256 hade
667 4205 801 4254 Bernhard.
828 4206 859 4253 ad
884 4206 982 4270 Dionys.
1045 4205 1152 4254 ὓΕτεῑειῑ
1167 4207 1191 4254 in
1202 4223 1249 4255 uno
1262 4207 1291 4256 Α.

454 4299 478 4346 p.
493 4285 540 4331 sea
550 4304 555 4341 ;
567 4283 684 4346 Wagner.
696 4285 726 4332 ad
739 4283 878 4339 Messalam,
893 4301 919 4349 p.
936 4286 982 4343 695
1045 4283 1150 4333 'Exstat
1162 4285 1186 4333 in
1201 4301 1249 4334 uno
1261 4285 1289 4333 Α.

455 4359 589 4408 avellinum
604 4361 633 4408 aa
646 4362 801 4424 Captivorum
815 4379 909 4410 versum
920 4364 945 4423 3,
962 4366 984 4420 l,
1044 4360 1054 4387 ⁸
1066 4362 1179 4412 Socrates
1188 4363 1218 4412 H.
1235 4363 1302 4412 Eccl.
1314 4365 1338 4416 l.
1356 4366 1398 4423 14,
1412 4364 1544 4412 monachos

456 4440 485 4485 λλ
498 4457 503 4485 ;
515 4461 526 4477 «
539 4438 597 4485 Dico
611 4454 684 4486 unum
701 4440 827 4489 ridiculum
844 4441 934 4488 <lictum
953 4438 984 4488 de
1012 4440 1138 4504 [Figyptios
1152 4441 1255 4490 rebelles
1268 4451 1365 4512 narrat.
1378 4458 1452 4507 quum
1464 4442 1543 4491 obser·

607 4526 620 4555 0
