3684 5659
741 607 895 667 ιικκπίιι
922 596 969 667 ν’.
1336 606 1403 675 143

304 744 357 806 καὶ
372 734 455 833 αῦροί
469 767 514 817 τις
527 741 606 851 πνέει
621 742 711 811 λεπτὴ
727 742 851 833 ζεφύρου
865 745 961 826 τινός,
981 740 1084 830 οἶμαι,
1102 747 1153 808 καί
1174 747 1192 814 ἡ
1211 745 1266 832 imi
1284 744 1403 838 χαρδία

304 854 506 949 καθίσταται.
526 851 664 916 Ανανεύω
681 854 792 936 τοίνυν,
810 856 861 917 καὶ
881 854 967 941 μόλις
985 855 1044 945 ὁρῶ
1061 863 1129 945 γῆν,
1152 858 1226 939 καί,
1246 858 1287 932 ῶς
1305 855 1401 946 εἶχον,

304 963 378 1053 πρός
401 964 516 1034 ἐκείνην
534 963 587 1032 τὴν
603 967 675 1027 ναῦν
694 965 806 1044 ῖθυνον,
826 963 860 1027 οῦ
877 966 995 1039 κώπαις
1012 950 1185 1055 χρώμενος,
1212 967 1247 1031 οῦ
1263 965 1403 1057 πηδαλίῳ

303 1071 455 1163 κυθερνῶν
478 1074 497 1144 ἢ
521 1071 763 1163 κυέερνῶμενος,
793 1072 827 1137 οῦ
853 1076 1007 1166 προτόνοις
1030 1076 1082 1138 καί
1110 1076 1209 1167 λαίφει
1233 1079 1271 1141 τά
1299 1078 1328 1153 ές
1354 1080 1404 1143 τόν

303 1183 397 1248 πλοῦν
416 1183 543 1248 εῦθετῶν
562 1175 679 1272 (πάντα
696 1185 756 1276 γάρ
772 1193 825 1259 τῆς
844 1184 1002 1260 θαλάσσης
1018 1179 1231 1277 γεγόνεισαν),
1251 1188 1330 1254 άλλά
1346 1214 1403 1254 που

303 1297 408 1361 σανίσι
433 1295 602 1384 κειμέναις,
629 1296 684 1379 άς,
710 1292 795 1382 οἶμαι
804 1342 814 1379 ,
840 1304 893 1371 τῆς
910 1297 979 1371 νηός
1002 1296 1243 1382 ἐκσπασθείσας,
1264 1300 1403 1387 κειμένας

304 1396 390 1497 εῦρον
408 1405 484 1471 ἐκεῖ.
503 1405 634 1481 Ταύταις
653 1401 692 1475 ii
710 1407 762 1470 καί
786 1407 892 1492 μόναις
912 1402 1102 1472 διασαλεῦων
1119 1410 1152 1473 τὸ
1173 1405 1255 1498 ῦδωρ
1276 1412 1328 1474 καί
1351 1410 1404 1480 τὴν

303 1521 378 1581 ναῦν
400 1516 568 1608 κυθερνῶν,
593 1512 747 1608 δνςχερῶς
766 1515 818 1603 μὲν
836 1518 888 1580 καὶ
909 1517 1016 1605 μόλις,
1036 1519 1109 1594 τέως
1127 1516 1157 1584 δ’
1176 1512 1239 1602 οῦν,
1262 1520 1338 1607 μετὰ
1354 1521 1403 1585 τὸν

303 1627 398 1693 πολὺν
416 1627 527 1693 ἐκεῖνον
543 1624 647 1711 ἆθλον,
666 1636 703 1716 τῇ
719 1624 774 1718 γῇ1
790 1628 945 1718 προςίσχω
961 1629 1015 1698 τὴν
1034 1635 1120 1713 ναῦν,
1140 1632 1191 1695 καὶ
1214 1631 1400 1722 προςπεσῶν,

304 1741 358 1804 καὶ
376 1740 431 1810 τὴν
446 1747 501 1829 γῆν
518 1741 753 1825 ἀσπασάμενος,
777 1736 868 1802 πολὺν
886 1739 993 1828 χρόνον
1016 1739 1045 1804 ἐν
1067 1740 1162 1829 ταύτῃ
1181 1744 1315 1828 κείμενος
1333 1740 1402 1811 ἐνη-

305 1849 460 1937 σμένιζον.

355 1957 436 2025 Εἶτα
461 1961 582 2050 συνάγω
606 1959 657 2024 τὸν
683 1964 751 2024 νοῦν
771 1960 823 2023 καὶ
846 1959 896 2022 τὸν
918 1958 1061 2049 λογισμὸν
1085 1969 1229 2026 σννιστῶ.
1251 1964 1309 2026 Καὶ
1334 1968 1403 2052 οῖρτι

304 2072 432 2164 πρῶτως
447 2066 584 2162 ἠρξάμην
600 2080 722 2135 σκοπεῖν
743 2077 771 2134 εῖ
785 2094 842 2135 που
862 2095 891 2133 τι
912 2078 965 2145 τῆς
987 2072 1056 2145 νηός
1074 2072 1328 2150 καταλέλειπται,
1350 2075 1401 2137 καὶ

305 2185 443 2260 ζητήσας
456 2172 552 2273 εῦρον,
567 2183 621 2244 ’καὶ
635 2176 784 2251 δεσπότην
797 2184 984 2271 πραγμάτοιν
999 2191 1139 2247 κατανοῶ
1154 2183 1297 2271 ἐμαυτόν,
1316 2187 1403 2275 άκρι·

305 2292 368 2370 θῶς
383 2294 436 2358 τόν
452 2294 540 2380 νόμον
557 2288 646 2366 εἰδὼς
659 2294 711 2356 καί
727 2294 756 2355 τί
769 2294 943 2382 προςτάττει
961 2300 1003 2378 τῷ
1022 2291 1220 2377 ἐπιμείναντι.
1238 2293 1405 2365 Δεσπότην’

305 2406 366 2496 γάρ
379 2406 544 2474 καθίστησι
560 2411 614 2478 τῆς
629 2403 698 2477 νηός
713 2403 765 2467 καὶ
784 2410 842 2466 τῶν
856 2401 885 2465 έν
900 2401 977 2490 αὐτῇ
992 2405 1124 2482 πάντων,
1141 2402 1173 2477 ὃς
1188 2403 1224 2466 ἂν
1239 2402 1399 2488 έπιμείνοι,

306 2514 482 2625 τῶνῖάλλων
500 2508 709 2604 ἀποδράντων,
727 2511 932 2602 χειμαζομένῃ
949 2515 996 2582 viii
1013 2515 1094 2576 κατόι
1112 2512 1277 2576 θάλατταν.

787 2627 809 2644 Η

356 2624 509 2713 Επέμεινα
525 2626 636 2708 τοίνυν,
655 2625 707 2688 καὶ
727 2631 859 2714 στερρῶς
876 2623 968 2713 μέχρι
986 2625 1038 2687 καὶ
1062 2623 1154 2688 αὐτοῦ
1175 2626 1304 2688 θανάτου
1323 2626 1404 2715 ἠγώ-

305 2760 432 2824 νισμαι,
451 2736 504 2799 καί
530 2734 680 2809 θαλάττης
702 2742 804 2821 κτῆμα
825 2736 915 2820 μόνης
940 2726 1033 2799 οὖσαν
1056 2735 1108 2805 τὴν
1132 2740 1205 2799 ναῦν
1226 2730 1268 2799 δι’
1286 2734 1404 2800 ἐκείνοιν

306 2856 365 2913 τῶν
387 2846 504 2912 πολλῶν
527 2869 585 2933 μου
606 2846 705 2909 κόπων
726 2846 777 2909 καὶ
798 2846 919 2932 μόχθων
935 2848 1170 2935 περιπεποίημαι
1188 2844 1322 2933 ἐμαυτῷ.
1343 2849 1402 2910 Καὶ

307 2967 410 3047 κτῆμα
426 2960 489 3045 ἔχω
507 2955 541 3020 οῦ
558 2958 639 3021 κατά
650 2979 716 3020 τινα
728 2956 836 3047 κλῆρον
853 2957 902 3020 τὸν
918 2954 950 3019 ἐκ
968 2956 1118 3048 πατέρων,
1138 2950 1190 3021 οἷα
1208 2960 1323 3048 γίνεται
1342 2967 1405 3032 τοῖς

308 3068 448 3153 πολλοῖς,
475 3065 543 3132 ἀλλ’
566 3066 599 3130 ἐκ
621 3062 755 3141 σπουδῆς
778 3067 829 3132 καὶ
848 3067 971 3157 άγῶνων
988 3069 1155 3157 μεγίστων,
1180 3068 1196 3132 δ
1214 3063 1252 3138 δή
1271 3093 1332 3132 τισι
1350 3070 1402 3132 καί

307 3182 435 3245 σπάνιον
451 3180 581 3269 γίνεται.
908 3265 910 3269 ,

355 3292 416 3355 Καὶ
441 3289 565 3364 ἤλπιζον
588 3286 640 3375 μέν
662 3287 792 3352 ἐντεῦθεν
810 3283 925 3374 μηδένα
943 3293 1023 3377 ἔχειν
1040 3289 1089 3352 τὸν
1107 3291 1305 3380 ἀντεροῦντα,
1326 3288 1405 3352 άλλόι

307 3404 426 3477 πάντας
442 3390 598 3486 τὸννόμον
611 3395 733 3474 εἰδότας
749 3395 914 3486 εὐδαίμονα
930 3400 1034 3464 καλεῖν
1051 3398 1104 3486 ἐμέ
1113 3445 1122 3482 ,
1142 3395 1236 3473 οὕτως
1252 3398 1281 3462 έν
1296 3401 1407 3488 ἀκαρεῖ

308 3512 539 3595 πλοντήσαντα,
559 3512 610 3575 καὶ
630 3510 662 3574 τό
683 3518 736 3584 τῆς
753 3507 964 3602 ἀποκηρύξεως
980 3507 1091 3597 αἶσχος
1111 3507 1375 3599 ἀποκρυψάμενον.

309 3724 382 3789 ἀγρία
394 3723 564 3786 κατεστορίοθη
575 3720 688 3767 θάλασσα.
701 3715 844 3780 Exemplum
872 3715 1179 3764 vimisNumeroruminii
1188 3718 1407 3780 computationem,

306 3800 383 3853 liceat
407 3795 575 3863 superaddere
598 3810 628 3844 ex
651 3793 766 3843 Lsonidae
785 3793 845 3856 Epi·
872 3794 1407 3857 etsamdemanglossaiorsumnmminveni.

309 3886 443 3941 grammate
456 3874 530 3925 Anth.
544 3876 568 3935 7,
581 3875 628 3923 668
635 3874 709 3933 ,Οῦδ
719 3875 743 3921 εί
752 3892 793 3935 μοι
806 3893 845 3934 γε·
869 3880 874 3889 ’
905 3873 1082 3930 ‘flodoinum
1098 3883 1148 3934 γῆν.
1164 3873 1256 3937 Scripsi
1270 3894 1298 3927 τη
1313 3894 1350 3939 γη
1364 3870 1407 3919 Vei

310 3962 385 4007 λόωσα
406 3959 587 4022 καταστορέσας
609 3956 700 4009 Γαλήνη
726 3955 842 4014 Κῦματα·
871 3939 1110 4000 fueritscribemium
1124 3953 1146 4006 ἐς
1166 3960 1208 4005 τὴν
1225 3961 1277 4013 γῆν,
1295 3959 1352 4016 προς
1367 3962 1408 4004 τῆν

310 4050 358 4084 που
375 4032 476 4100 quidem
488 4031 521 4081 ob
533 4031 673 4095 exemplum
691 4030 784 4094 ipsum,
801 4029 845 4078 sed
871 4042 921 4092 γῆν.
934 4031 1012 4091 Quum
1025 4030 1104 4078 statim
1118 4038 1159 4084 τὴν
1168 4039 1209 4089 γῆν
1219 4037 1345 4091 sequatur,
1353 4042 1419 4075 mea·

309 4122 337 4162 ut
355 4126 470 4162 moneam
492 4110 674 4174 epigrammatis
693 4108 757 4172 ejus,
779 4108 844 4173 quod
870 4107 943 4156 lectio
965 4107 1063 4156 auribus
1082 4105 1172 4156 accidit
1190 4105 1296 4154 suavior.
1317 4104 1407 4153 Eodem

309 4201 347 4241 est
370 4194 490 4258 ἰσόψηφον.
512 4187 634 4237 distichon
655 4186 845 4251 unumquodque
870 4184 944 4234 modo
954 4184 1111 4247 corrigendus
1123 4182 1244 4231 Himerius
1258 4182 1300 4230 Or.
1317 4183 1346 4237 3,
1362 4185 1406 4231 16:

310 4284 428 4319 summam
441 4266 538 4317 efficere
550 4266 631 4325 65ἵ6,
642 4265 715 4329 idque
725 4265 843 4314 declarari
870 4259 942 4331 αῦροιι
952 4267 1039 4319 ταῦτην
1053 4267 1144 4328 λιγυρὸν
1156 4262 1289 4324 ἔπηχοῦσαι
1301 4266 1406 4324 πέμπον-

310 4348 390 4413 giossa
401 4344 473 4415 cqoc'
482 4382 490 4405 ,
503 4344 589 4395 sedeo
600 4344 673 4394 modo
684 4345 707 4392 in
719 4346 844 4407 impressis
869 4363 913 4392 σιν.
926 4342 992 4391 Bene
1002 4340 1080 4391 codex
1089 4344 1163 4410 ταύτῃ
1173 4377 1180 4400 ,
1191 4339 1370 4405 recipiendum.

310 4407 524 4491 exhibitis,utquid
532 4423 634 4472 veiitvix
643 4423 843 4487 queatiectordi·
903 4421 912 4446 ³
924 4420 1018 4470 scios:
1032 4427 1046 4477 ἡ
1058 4424 1104 4470 ἀπὸ
1112 4422 1185 4489 ῥητοῦ
1196 4423 1308 4488 πριθιλή.
