3684 5659
453 605 500 678 νίν
787 613 823 670 r.
850 602 1200 677 aerumnarum

447 746 509 810 Μία
530 751 642 835 γνῶσις
667 744 796 834 ἀρίστη,
822 744 887 834 περὶ
909 738 1055 834 πατρίδος
1077 739 1284 830 ἀμύνεσθαιί·
1303 741 1334 808 ἓν
1352 742 1540 835 ἐπιτήδευμα

445 856 618 939 κοίλλιστον,
635 856 720 919 ὠθεῖν
732 852 764 917 έκ
782 861 840 918 τῶν
854 848 989 918 δυνατῶν
1005 862 1042 943 τῇ
1059 853 1142 920 πόλει
1155 854 1205 918 τόν
1218 850 1366 938 κίνδυνον.
1380 881 1395 912 ν

494 966 616 1042 Τούτοις
636 967 741 1041 νυκτός
760 966 812 1029 καὶ
830 964 944 1056 ἡμέρας
961 967 1141 1054 συνειχόμην
1161 975 1225 1040 τοῖς
1247 966 1420 1057 λογισμοῖς.
1445 968 1538 1033 Ταῦτ’

446 1083 582 1167 ἔπασχον
596 1075 666 1142 καθ’
680 1077 807 1167 ἡμέραν,
824 1078 876 1140 καὶ
895 1071 1018 1141 διπλοῦν
1035 1075 1101 1141 ἀνθ’
1115 1076 1212 1142 ἁπλοῦ
1230 1077 1265 1141 τὸ
1281 1079 1378 1153 πάθος
1390 1075 1474 1164 ε’μοί,
1493 1079 1539 1144 ὅτι

446 1215 477 1254 τε
489 1193 655 1278 πάσχοιμι,
665 1190 717 1253 καὶ
730 1187 789 1268 ότι,
804 1183 948 1263 συνειδὼς
957 1185 1021 1274 ἐμοὶ
1033 1189 1176 1276 πάσχων,
1189 1188 1297 1280 τρόπον
1308 1186 1431 1263 ἐζήτουν
1438 1190 1541 1255 ἀπαλ-
1607 1224 1609 1227 ·

591 1280 597 1300 .

446 1300 556 1392 λαγής.
577 1300 771 1386 Εποτνιῶμηυ
794 1294 906 1382 θεούς’,
934 1298 1034 1388 εὐχόις
1047 1297 1207 1386 ἐποιούμην
1224 1309 1289 1375 τοῖς
1304 1301 1484 1391 κρείσσοσιν,
1504 1302 1538 1367 οῦ

446 1414 528 1478 κατὰ
543 1408 632 1477 τοῦδε
645 1411 663 1482 ἢ
680 1407 769 1475 τοῦδε
787 1411 865 1486 τινὸς
880 1417 940 1475 τῶν
957 1409 1048 1498 ἐμῶν,
1069 1410 1148 1476 σἰλλόι
1162 1412 1367 1488 κατὰπαντὸς
1381 1417 1435 1476 τοῦ
1452 1411 1536 1499 βίον,

447 1523 517 1589 κατ’
532 1522 626 1588 αὐτοῦ
641 1522 799 1610 σώματος,
815 1520 884 1587 κατ’
900 1521 993 1596 αῦτής
1008 1521 1111 1610 ψυχῆς
1124 1521 1220 1586 ε’σοιεί.
1238 1547 1252 1576 ν
1266 1523 1302 1586 Τί
1318 1524 1377 1613 γοίρ
1391 1547 1406 1579 ν
1420 1522 1536 1614 ἔλεγον,

448 1644 534 1700 «τῶν
554 1638 706 1719 ἀπίστων,
733 1638 757 1700 εί
783 1637 847 1710 θεὸς
869 1632 1044 1719 βουληθείς,
1065 1632 1271 1724 συναραμένης
1288 1635 1341 1698 καί
1366 1631 1461 1722 τύχης
1484 1643 1539 1710 τῆς

447 1747 580 1831 πόλεως,
605 1749 657 1812 καὶ
680 1747 730 1811 τόν
751 1742 844 1834 μηδὲν
867 1744 918 1833 ἐμὲ
941 1741 1089 1809 δοκοῦντα
1112 1745 1186 1834 πρὸς
1212 1743 1354 1815 τοιαύτην
1382 1739 1538 1825 κακοδαι-

446 1862 554 1945 μονίας
580 1857 718 1950 έπιόρειοιν
746 1866 879 1948 γενναῖον
902 1857 954 1920 καί
982 1858 1131 1948 χρήσιμον
1151 1850 1269 1930 δείξειε.
1293 1856 1352 1919 Καὶ
1381 1851 1476 1930 οῦτως
1503 1855 1539 1919 ἂν

447 1968 569 2055 ε”σοιμην
599 1971 685 2059 κάγὼ
713 1962 894 2057 τῇποιτρίδι
925 1966 1042 2059 θρέμμα
1073 1970 1186 2040 ἥκιστα
1212 1968 1406 2059 παρορᾶσθαι
1435 1962 1537 2051 σ’ίξιον,

447 2075 513 2143 οὐδ’
534 2080 574 2154 ὡς
598 2085 635 2143 σ’ίν
652 2104 697 2153 τις
716 2079 776 2149 καί,
785 2078 939 2169 περιττός,
965 2075 1035 2144 οῦδὲ
1054 2082 1152 2167 μσίτην
1170 2079 1204 2143 τὸ
1225 2062 1295 2164 ἐμον
1318 2081 1404 2170 ἔργον
1420 2079 1472 2142 καὶ
1498 2081 1540 2154 είς

446 2189 553 2252 κενόν·
576 2187 655 2253 ἀλλὰ
672 2187 763 2279 γέρας
785 2191 882 2252 ἔσοιτο
904 2191 956 2253 καὶ
978 2189 1158 2280 φιλοσοφίᾳ,
1180 2187 1225 2253 ότι
1246 2188 1320 2280 πρὸς
1339 2187 1413 2252 αύτό
1431 2188 1465 2253 τό
1482 2195 1540 2253 τῶν

446 2297 521 2363 όλων
541 2299 704 2390 κεράλοιιον
722 2308 758 2388 τῇ
775 2299 859 2364 πόλει
884 2303 1048 2392 συνήρατο.
1078 2301 1137 2365 Καὶ
1158 2301 1281 2391 ῥήτορες
1306 2298 1478 2390 φιλοσόφοις
1501 2303 1540 2364 τόι

446 2407 477 2484 ές
497 2410 649 2485 πολιτείαν
671 2408 726 2474 οῦκ
752 2412 1043 2498 ἀποσεμυυυοῦνται,
1069 2411 1165 2476 εἶκαὶ
1191 2407 1264 2501 παρ’
1284 2408 1383 2474 αῦτῶν
1403 2408 1539 2497 συμθαίη

445 2519 519 2609 πρὸς
534 2519 587 2588 τὴν
606 2516 807 2611 ύποίρχουσαν
820 2519 915 2609 τύχην
930 2520 964 2584 τὸ
982 2516 1165 2612 χρήσιμον3;
1187 2545 1201 2576 ν

493 2609 667 2721 λλπέρχεταί
679 2657 730 2717 μοι
742 2635 903 2723 τοιγαροῦν
917 2630 1063 2720 λογισμός
1077 2629 1110 2695 ἐκ
1124 2633 1197 2696 θεῶν
1210 2649 1219 2664 ·
1234 2632 1322 2696 πόθεν
1334 2631 1393 2721 γὰρ
1412 2632 1464 2694 καὶ
1482 2631 1541 2695 σίλ-

444 2740 528 2806 λοθεν
545 2747 677 2828 είποιμι;
695 2722 884 2832 Ε’λογιζόμην
899 2743 940 2816 ὡς
958 2740 988 2804 ἐν
1006 2740 1110 2815 ἄλλοις
1127 2740 1179 2827 μἐν
1197 2747 1271 2816 ’ίσως
1286 2741 1376 2829 τέχνη
1392 2737 1538 2814 διασταίη

446 2853 482 2917 ἂν
499 2851 720 2945 προαιρέσεως,
742 2853 794 2916 καὶ
820 2851 910 2916 θέλειν
934 2877 979 2925 τις
1000 2853 1040 2914 τόι
1064 2853 1151 2915 κοινόι
1171 2853 1310 2941 πράττειν
1331 2851 1478 2923 κωλυθείη
1503 2854 1539 2918 όιν

445 2971 488 3050 τῷ
505 2959 737 3052 ἐπιτηδεύματι,
758 2961 791 3027 οῦ
807 2964 948 3053 πρότερον
965 2961 1113 3035 τελεσθεὶς
1129 2969 1191 3046 τοῖς
1208 2969 1342 3035 κοινοῖς·
1361 2959 1406 3024 ἐπὶ
1424 2957 1458 3024 δὲ
1476 2974 1540 3039 τοῖς

445 3080 576 3165 παροῦσι
593 3074 728 3161 κειμένης
744 3082 797 3149 της
811 3073 1033 3165 προαιρέσεως,
1049 3072 1101 3136 καί
1118 3080 1206 3137 πᾶσα
1224 3069 1314 3159 τέχνη
1331 3073 1383 3137 καὶ
1398 3081 1458 3136 πᾶν
1475 3072 1539 3140 ε’πι·

479 3417 641 3468 *Meminerat
660 3406 782 3466 Homerici
801 3430 883 3464 remus
901 3411 978 3463 nobi·
1005 3429 1030 3478 p.
1046 3416 1091 3463 531
1113 3435 1119 3464 :
1134 3421 1165 3467 τὰ
1186 3419 1266 3466 εἰκότα
1283 3422 1468 3480 ποτνιαιάμινος
1481 3421 1538 3481 πρὸς

444 3495 529 3546 lisoimi
547 3517 553 3545 ι
575 3499 615 3554 Εἷς
634 3497 713 3555 οἰωνὸς
733 3497 828 3564 ἄριστος
850 3496 977 3559 ἀμύνεσθαι
1001 3501 1046 3544 τὸν
1066 3491 1170 3558 ῦψιστον
1192 3493 1233 3544 ubi
1255 3494 1344 3545 schol.:
1365 3494 1419 3560 μετ’
1436 3497 1539 3559 οἰμωγῆς

445 3581 498 3640 περὶ
511 3580 613 3640 πάτρης.
1004 3577 1179 3642 παρακαλέσας.
1190 3573 1258 3622 idem
1272 3573 1308 3622 De
1318 3573 1428 3623 Andron.
1446 3575 1475 3634 l,
1490 3575 1538 3632 22,

478 3650 594 3701 ’lterum
620 3652 681 3700 infra
701 3671 707 3700 τ
730 3653 876 3714 ἐποτνιώμην
904 3653 977 3706 θεοὺς.
1005 3669 1031 3718 p.
1047 3656 1094 3712 62,
1109 3653 1283 3718 ποτνιωμένου,
1298 3651 1538 3715 ειιιιιεείιολίο,μετ’

443 3729 590 3780 scholiastes
603 3729 727 3794 Euripidis
743 3730 784 3779 Or.
798 3732 846 3779 203
858 3749 865 3779 ι
875 3739 979 3781 ποτνιόι-
1005 3735 1109 3798 οἰμωγῆς
1129 3736 1337 3799 παρακαλούντων.
1356 3731 1418 3781 Vide
1434 3748 1489 3796 quae
1507 3731 1539 3781 ad

443 3813 497 3859 σθαι
511 3809 536 3858 δὲ
551 3810 598 3857 ἐστὶ
608 3817 635 3860 τὸ
650 3817 803 3876 προςπίπτιιν
815 3815 855 3859 καὶ
867 3829 979 3876 παρακα·
1005 3810 1133 3877 synesium
1155 3810 1256 3874 apposui
1278 3810 1301 3857 in
1325 3808 1426 3857 Deleom
1445 3810 1540 3859 Sinne-

444 3893 491 3939 λιῖν
520 3895 584 3952 μετὰ
607 3889 721 3956 δακρύων.
743 3887 814 3937 Philo
837 3887 868 3938 V.
889 3890 921 3941 Μ.
946 3894 977 3952 3,
1004 3890 1126 3953 riano‚p.
1140 3890 1236 3946 46⁷‚et
1249 3887 1281 3936 ad
1294 3885 1389 3936 Aneed.
1404 3885 1445 3936 Gr.
1465 3896 1481 3936 t.
1495 3886 1537 3948 IV,

441 3967 458 4033 §
478 3969 507 4018 25
521 3987 526 4017 :
540 3975 667 4018 ποτνιᾶτοιι
685 3967 711 4015 δὲ
725 3973 764 4015 τὸν
783 3971 841 4018 θεόν.
861 3969 979 4034 Synesius
1004 3986 1030 4034 p.
1056 3969 1102 4028 35;
1120 3968 1209 4017 collato
1227 3965 1377 4029 Krabingero
1397 3963 1428 4012 ad
1448 3963 1537 4030 Synes.

444 4047 492 4111 Ep.
507 4048 539 4107 4,
558 4062 584 4111 p.
604 4046 651 4096 162
670 4064 677 4095 ι
698 4046 800 4103 ἅπαντας
820 4046 974 4108 ἔθεοιιλύτουν,
1004 4047 1073 4098 Cain.
1088 4064 1114 4112 p.
1128 4048 1167 4096 84.
1187 4051 1285 4110 Ποτνιᾷν
1295 4045 1401 4095 activum
1413 4046 1539 4108 usurpavit

444 4127 593 4193 ἐποτνιῶντο.
614 4124 691 4186 Quem
708 4124 811 4174 fortasse
826 4125 978 4178 recordaba-
1003 4127 1098 4176 Marcus
1123 4126 1243 4182 Kromna,
1263 4139 1289 4189 p.
1306 4124 1352 4172 268
1367 4127 1400 4174 :i
1422 4125 1446 4172 δὲ
1464 4129 1536 4191 γέρων

443 4215 482 4253 tur
490 4203 633 4254 Theodorus
644 4202 732 4254 Prodr.
742 4203 823 4254 Rhod.
836 4205 864 4263 6,
875 4220 901 4268 p.
911 4208 975 4256 25οι
1002 4211 1142 4272 προπέμψας
1161 4205 1229 4254 αῦτὸν
1243 4210 1282 4253 καὶ
1301 4212 1412 4270 στραφεὶς
1429 4205 1534 4254 ἐποτνία.

441 4278 595 4333 Ἐποτνιῶντο
605 4288 689 4342 πάντες
698 4283 738 4333 οῦκ
747 4284 891 4351 ἀδακρύτως,
902 4290 977 4354 Κοινῇ
1002 4282 1110 4334 Lexicon
1136 4283 1160 4332 in
1179 4281 1239 4332 meis
1266 4281 1361 4332 Aueod.
1387 4282 1429 4333 Gr.
1450 4292 1467 4332 t.
1493 4280 1534 4342 lv,

442 4364 612 4419 θεοκλυτοῦντες
622 4365 644 4412 ἐν
656 4373 724 4430 κοινῷ
735 4358 973 4414 irremuneratum.
1002 4379 1028 4424 p.
1042 4363 1108 4411 400:
1124 4373 1227 4421 ποτνιῶ,
1243 4370 1270 4413 τὸ
1285 4367 1424 4431 παρακαλῶ.

441 4437 604 4502 pachymeres
619 4441 653 4488 Do
668 4441 741 4490 uich.
757 4441 855 4491 Palaeoi.
875 4444 906 4501 6,
927 4442 973 4502 36,
1034 4440 1044 4464 ³
1058 4440 1141 4490 Codex
1156 4441 1209 4490 aine
1220 4441 1419 4505 interrogatione.
