3684 5659
451 615 522 687 ifilt
787 623 823 682 Γ.
852 621 926 681 ΤΟΥ
948 616 1204 680 ΠΑΧΥΜΕΡΟΥΣ

450 755 572 820 ἐπαίνου
589 750 623 818 θὲ
640 750 750 843 τύχῃς1
767 755 852 844 παρόι
867 752 996 818 πολλῶν.
1016 756 1162 816 Ταπεινοῦ
1179 752 1252 842 πρὸς
1268 753 1401 828 πάντας·
1423 755 1546 844 σωφρό-

449 882 508 930 νει·
536 865 672 954 γενναῖος
698 864 807 928 ἵστασο
829 863 901 954 πρὸς
921 864 977 937 τόις
998 857 1124 936 ἡθονάς.
1142 842 1317 954 Ἰθλευθέραν
1339 860 1395 949 μὲν
1415 856 1551 950 ψεύδους

450 979 502 1063 ἔχε
514 975 567 1045 τὴν
580 974 731 1065 γλῶτταν,
750 971 905 1064 ἐλευθέρας
924 968 958 1036 θὲ
974 968 1079 1062 δώρων
1095 973 1150 1047 τάς
1167 981 1288 1064 χεῖρας.
1308 975 1491 1049 Κοινωνικὸς
1507 967 1547 1040 ών

451 1090 532 1175 ἔχεις
556 1087 606 1149 ἔσο
625 1094 689 1160 τοῖς
711 1087 839 1174 γείτοσι.
863 1087 1014 1174 Προαιροῡ
1034 1080 1087 1169 μὲν
1104 1084 1216 1147 σαυτὸν
1235 1075 1267 1147 εὖ
1285 1093 1396 1168 ποιεῖν,
1415 1087 1549 1175 προτίμοι

452 1193 487 1263 δὲ
502 1198 554 1267 την
566 1195 651 1260 πόλιν
664 1197 715 1259 καὶ
729 1199 871 1259 σεαυτοῦ.
888 1197 925 1258 Εἰ
940 1190 974 1258 θὲ
987 1195 1039 1257 καὶ
1056 1192 1145 1281 ἰσχὺν
1160 1190 1235 1270 ἔξεις
1245 1195 1319 1286 πρὸς
1330 1195 1365 1259 τὸ
1379 1191 1547 1279 βουλεύειν,

453 1310 495 1397 μὴ
516 1309 615 1396 φθόνει
638 1315 692 1382 τῆς
714 1305 845 1370 ἐντεῦθεν
868 1304 1012 1395 ὠφελείας
1030 1313 1072 1390 τῷ
1095 1299 1196 1392 δήμῳ.
1215 1285 1395 1392 ὀνομαστὸς
1418 1304 1549 1372 ἐντεῦθεν

454 1422 568 1511 γενήσῃ
584 1420 636 1482 καὶ
654 1426 690 1507 τῃ
707 1417 791 1482 πόλει
809 1415 1017 1507 περίβλεπτος.
1036 1415 1144 1480 Πολλοὶ
1162 1415 1229 1503 μέν,
1249 1417 1290 1492 ὡς
1307 1417 1405 1502 εἰκός,
1425 1413 1551 1503 βασκα-

454 1533 554 1594 νοθσιν
580 1524 788 1615 εθθοκιμοῦντί
812 1544 877 1592 σοι·
898 1525 936 1591 σὺ
952 1522 988 1631 ri's
1007 1521 1080 1613 μηθ’
1099 1522 1193 1602 οὕτως
1211 1528 1353 1616 ἀπόσχῃ,
1374 1529 1416 1604 ὡς
1433 1528 1470 1593 ἀν
1487 1522 1551 1605 οἷός

456 1665 486 1704 τε
503 1636 558 1729 ᾗς,
579 1632 610 1704 εὖ
627 1640 680 1709 τὴν
699 1638 784 1703 πόλιν
806 1647 913 1703 ποιεῖν.
939 1641 1002 1726 Εχε
1025 1636 1095 1712 τοὺς
1115 1636 1221 1726 λόγους
1239 1636 1310 1713 τοὺς
1326 1638 1492 1730 πατρικοὺς
1510 1640 1551 1717 ὥς

456 1751 571 1840 ψυχήν,
597 1753 729 1816 κάκεῖνοι
750 1751 927 1814 κινείτωσάν
945 1770 980 1813 σε
998 1748 1072 1839 πρὸς
1088 1749 1236 1838 τάγαθόν.
1256 1751 1325 1840 Περὶ
1346 1749 1401 1838 μέν
1418 1774 1466 1816 τοι
1482 1749 1552 1827 τοὺς

456 1863 601 1954 τρόπους,
620 1865 682 1949 ἔχω
699 1859 751 1948 μὲν
767 1860 863 1951 λέγειν
877 1862 928 1924 καὶ
946 1868 1103 1951 παραινεῖν
1117 1857 1292 1924 ἀκολουθεῖν
1307 1867 1351 1947 τῷ
1364 1865 1478 1954 πατρί,
1496 1864 1551 1927 καὶ

459 1974 568 2064 θάρρος
581 1976 643 2060 ἔχω
656 1969 805 2035 τὰπολλὰ
818 1972 964 2034 συνοίσειν
979 1992 1027 2034 σοι
1040 1969 1093 2039 την
1105 1969 1299 2060 παραίνεσιν·
1316 1969 1351 2035 οὐ
1365 1973 1427 2062 γὰρ
1443 1968 1552 2049 ἐξώλης

459 2080 517 2173 ἐγὼ
540 2083 575 2146 τὸ
598 2084 756 2173 παράπαν,
783 2080 817 2144 οὐ
841 2077 1003 2172 ρειθωλός,
1030 2079 1064 2144 οὐ
1085 2079 1237 2164 πλήκτης,
1264 2079 1298 2145 οὐ
1317 2078 1497 2166 βάσκανος,
1519 2082 1552 2148 οὐ

460 2189 589 2280 ψεύδους
604 2192 707 2283 φίλος,
725 2190 758 2256 οὐ
772 2191 913 2283 στρεθλὸς
925 2192 978 2262 τὴν
995 2193 1127 2282 γνώμην,
1146 2190 1201 2256 οὐκ
1218 2190 1346 2283 ἐραστὴς
1360 2202 1420 2258 τῶν
1433 2203 1550 2261 κακῶν.

460 2285 533 2370 λεν
558 2303 618 2395 ἐγὼ
642 2303 695 2390 με
712 2339 761 2353 -
782 2302 817 2367 ss
836 2300 986 2389 βούλομαι
1007 2297 1041 2366 νε
1061 2301 1157 2392 λέγειν
1178 2305 1281 2390 τιμε·
1310 2303 1347 2368 ει
1373 2300 1403 2370 ν
1429 2304 1553 2398 §atys

460 2415 494 2479 τὸ
518 2422 667 2505 κρεῖττον,
691 2417 750 2480 καὶ·
769 2413 838 2478 ὅσον
862 2411 914 2499 μὲν
937 2410 991 2476 ἀπ’
1013 2411 1085 2499 ἐμοῦ
1108 2411 1425 2503 λάμβανε,·λάμθανε
1445 2412 1480 2481 δὲ
1500 2419 1552 2483 καὶ

461 2527 546 2616 παρὰ
561 2533 620 2589 τῶν
637 2524 735 2590 ἀλλων
751 2525 785 2589 τὸ
800 2527 963 2614 χρήσιμον,
984 2521 1117 2613 πατέρας
1133 2523 1295 2613 ἡγούμενος
1311 2527 1448 2612 πάντας,
1467 2523 1498 2603 ἐξ
1514 2519 1554 2592 ὧν

461 2637 650 2726 πραττόντων
674 2630 839 2726 κερδαίνειν
865 2637 946 2722 ἔχεις
970 2634 1058 2724 ὁρῶν.
1085 2633 1164 2705 Πλὴν
1183 2633 1222 2698 σὺ
1246 2633 1299 2723 μὲν
1323 2633 1437 2721 βούλου
1460 2633 1555 2726 μηδὲν

462 2745 648 2811 ἐλλείπεσθαι
669 2754 727 2810 τῶν
747 2746 864 2814 καλῶν·
886 2743 932 2809 ἐπὶ
953 2739 987 2808 δὲ
1004 2753 1068 2819 τοῖς
1089 2744 1192 2821 άλλοις
1212 2748 1265 2811 καλ
1286 2755 1329 2835 τῷ
1350 2751 1443 2842 πατρὶ
1466 2746 1555 2817 δίδον

496 2956 503 2982 ¹
517 2957 591 3017 Cod.‚
604 2961 691 3022 τύχης,
704 2957 869 3021 superscripto
882 2974 913 3004 οι.
929 2955 993 3003 Ριεε-
1021 2955 1150 3021 participio
1160 2960 1277 3006 ευλλαθὼν
1287 2955 1458 3025 ἀντιγράφους,
1467 2961 1555 3008 λαθών.

462 3036 505 3083 tuli
516 3034 689 3105 τὺχῃςιμιοώίθ
701 3033 992 3098 tempussaepiussensuur
1019 3033 1133 3098 Propono
1150 3034 1305 3085 scribendum
1322 3045 1415 3085 mutato
1434 3048 1554 3095 accentu,

461 3114 533 3163 iuturi
547 3124 638 3163 teneat.
650 3112 765 3162 Luciliius
779 3111 853 3160 Anth.
871 3115 910 3169 11,
927 3111 990 3159 133:
1019 3116 1136 3162 τυλλοιθῶυ
1161 3116 1316 3183 ἀντιγράφους
1336 3118 1429 3174 λαθών,
1452 3114 1478 3164 id
1501 3126 1555 3173 est,

461 3201 506 3244 που
526 3213 561 3250 τις
580 3195 668 3261 ἀπέλθῃ
690 3196 791 3247 Λοιπόν;
811 3188 852 3239 ubi
873 3201 932 3254 puio
952 3200 993 3239 ποῖ
1021 3191 1156 3255 «epistolae
1170 3192 1314 3257 antigrapho
1328 3203 1433 3256 accepto
1449 3211 1472 3244 s.
1486 3193 1556 3243 'runc

461 3273 534 3322 fuisse
548 3282 683 3320 correctum
703 3269 776 3334 paulo
795 3268 906 3317 calidius.
922 3267 991 3332 tpud
1021 3270 1134 3320 dixerunt
1146 3274 1268 3328 ευλλοιθὴν,
1278 3275 1394 3330 συλλαθείς
1409 3287 1480 3334 pro«
1497 3275 1556 3337 epi-

460 3350 615 3400 Theodorum
643 3348 821 3403 prodromum,
853 3345 993 3396 Rhodantes
1020 3350 1124 3409 stola»,
1143 3366 1188 3414 pru
1208 3350 1378 3414 «epistolis».
1401 3349 1556 3402 Recitaturus

461 3429 643 3494 supplementa,
656 3428 800 3485 Artaxaues,
808 3425 903 3490 legatus
913 3441 926 3473 a
936 3440 993 3490 rege
1020 3429 1126 3478 Charisii
1137 3428 1258 3479 Cleander
1272 3430 1337 3494 apud
1350 3429 1462 3480 Nicetam
1474 3429 1556 3494 Euge-

462 3508 555 3573 Bryaxa
584 3507 690 3566 missus,
718 3505 813 3571 Mistyio
843 3503 995 3568 archipiratae
1021 3507 1134 3567 sianum,
1154 3511 1183 3566 2,
1204 3510 1250 3569 95,
1268 3525 1340 3574 quam
1360 3508 1460 3573 scripsit
1476 3508 1556 3559 Galli-

462 3585 589 3650 epistoiam
604 3584 703 3650 Bryaxis
716 3583 741 3632 in
754 3598 841 3632 manus
854 3581 942 3640 tradit,
957 3583 994 3629 cui
1021 3601 1089 3649 genae
1100 3587 1242 3650 epistolam,
1254 3594 1301 3637 Καὶ
1316 3589 1427 3654 δευτέρας
1440 3583 1493 3647 οὖν,
1507 3587 1555 3646 ait,

462 3664 570 3728 Mistyius
586 3677 747 3726 responsurus
763 3671 809 3711 est.
826 3659 925 3710 Interim
943 3657 996 3707 Gu-
1021 3667 1134 3721 συλλοιθῆς
1145 3661 1227 3715 Ἄκουε.
1242 3665 1285 3716 Cui
1300 3666 1426 3716 Charicles
1439 3662 1519 3726 ι’Δλλ,
1536 3665 1553 3716 όν

462 3741 546 3805 bryam
558 3750 679 3804 satrapam
690 3756 759 3788 suum
771 3737 840 3802 jubet
851 3748 877 3785 ut
889 3736 995 3800 legatum
1021 3746 1072 3810 φίλε
1091 3745 1221 3811 Κλέανδρε,
1245 3747 1305 3810 μηδὲ
1326 3756 1369 3802 τῆς
1387 3753 1471 3814 τρίτης
1488 3742 1555 3810 Ἐμοί

463 3819 528 3867 iauto
539 3817 645 3881 excipiat
657 3817 830 3866 convivioa'iiv
841 3821 882 3879 μὲν
892 3821 996 3881 Βρυάξου
1021 3821 1131 3886 φθονήσῃς
1144 3822 1256 3876 ενλλαθῆς
1270 3827 1328 3887 πρὸς
1341 3828 1383 3877 τὴν
1396 3824 1476 3889 κόρην.
1490 3819 1556 3870 Rur-

463 3905 586 3966 εατραιτὴν
603 3892 751 3964 Ἄρταξάνην,
768 3891 841 3962 Ἐφη,
859 3896 935 3942 λαθὼν
954 3896 995 3953 σθ,
1021 3911 1076 3955 sus,
1095 3898 1141 3945 tit
1159 3916 1165 3945 ι
1182 3903 1286 3965 τετάρτῃ
1299 3902 1402 3968 συλλαθῇ
1419 3900 1459 3956 δὸς
1475 3900 1554 3949 ὠτίον.

463 3981 575 4046 Γωθρὺνι,
590 3981 617 4024 ου
636 3981 679 4039 μὲν
697 3980 754 4030 τίως
772 3975 937 4040 Φιλορρόνητον
956 3978 995 4021 καὶ
1021 3973 1062 4023 Sic
1070 3972 1480 4037 jurisconsulti.Codexiustiniani‚
1490 3976 1518 4025 L.
1533 3981 1554 4032 1,

463 4063 554 4126 μακροῦ
565 4060 654 4119 μόχθου
667 4060 739 4124 βάρος
751 4058 825 4103 Λῦσον
838 4058 942 4120 τραπέζῃ
955 4059 994 4101 καί
1022 4053 1035 4099 λ
1051 4072 1056 4099 :
1070 4059 1189 4115 γινώσκειν
1199 4057 1335 4122 βουλόμενοι
1346 4063 1389 4111 τὴν
1399 4064 1441 4111 τὴν
1451 4051 1556 4117 Ἁγιωοθ·

462 4143 623 4203 καταστρώσει
638 4139 721 4190 κλίνης.
737 4137 857 4201 Εἱςοιύριον
870 4135 894 4182 δὲ
908 4135 996 4181 ουλλοι-
1022 4151 1061 4188 νην
1077 4138 1156 4181 πάντα
1174 4139 1205 4182 τά
1217 4135 1249 4189 εἰς
1261 4135 1451 4190 ἂκκλησιαετικὴν
1464 4138 1555 4200 ὁρῶντα

463 4221 507 4264 θὼν
527 4217 692 4282 ἀντιγράφους,
709 4217 794 4263 Λαθὼν
812 4216 920 4277 μετέλθοι
940 4219 996 4278 πρὸς
1021 4215 1180 4270 κατάστασιν,
1200 4213 1326 4274 ἀναγκαῖον
1342 4217 1480 4276 ἡγησάμεθα
1494 4214 1556 4263 ταθ-

462 4301 501 4342 τὸν
521 4294 592 4343 αὐτοῦ
614 4295 736 4348 δεσπότην.
761 4291 867 4342 Praetulit
888 4295 996 4356 μετέλθοι
1022 4308 1074 4345 ταις
1095 4297 1151 4357 πρὸς
1171 4290 1243 4347 αθτὴν
1259 4295 1393 4357 χρησασθαι
1412 4302 1467 4348 ταῖς
1484 4295 1555 4346 θείαις

461 4371 569 4419 varietati
579 4374 678 4438 μετέλθῃ
686 4371 766 4431 vird.;
776 4370 888 4435 squidem
897 4372 995 4437 μετέλθῃ
1021 4371 1155 4426 τυλλοιθαῖς.
1165 4369 1221 4419 vid.
1234 4368 1296 4420 Rad.
1312 4369 1420 4420 Fornerii
1433 4369 1481 4421 Res
1492 4370 1553 4433 Quu-

463 4447 556 4508 malim,
568 4465 579 4491 ι
591 4447 768 4498 redibit».Sed
779 4447 860 4497 haereo
869 4448 892 4496 in
903 4447 996 4512 duplici
1022 4447 1077 4506 tid„
1089 4450 1120 4507 i,
1134 4449 1172 4498 19.
