3684 5659
809 610 967 672 ΜΕΛΕΤΗ
993 601 1042 674 E'.
1423 614 1471 684 89

376 742 429 808 καὶ
448 748 513 817 τοῖς
531 735 691 829 δημοσίοις
705 744 977 833 ἀρκεσθησόμεθα,
1001 749 1053 810 καὶ
1076 743 1175 824 οὐδεὶς
1192 746 1348 835 ἐμποδῖσει
1365 754 1472 842 τρόπος

378 854 559 941 ἀμηχανίας
574 852 648 946 πρὸς
664 852 717 924 τὴν
729 851 854 919 αὐτόθεν
870 851 987 931 ἔξοδον.

425 963 600 1055 Κεφάλαιον
617 971 677 1029 τῶν
689 960 814 1055 λόγον’.

423 1055 500 1166 Εγὼ
517 1073 571 1162 μὲν
587 1075 621 1140 τό
638 1075 689 1140 τὸν
703 1075 807 1165 καιρόν
822 1087 977 1164 συντεμεῖν
992 1081 1065 1169 πρὸς
1080 1082 1120 1144 τά
1137 1082 1272 1171 παρόντα
1290 1085 1342 1147 καὶ
1362 1086 1472 1176 συμφέ-

375 1209 427 1276 ρον
444 1181 566 1271 ἔδειξα,
582 1187 715 1251 καθόσον
735 1180 797 1250 οἷόν
814 1185 841 1250 τ’
859 1183 908 1271 ἦν,
925 1190 978 1253 καὶ
991 1186 1098 1280 ῥοίδιον
1116 1192 1156 1267 ὡς
1171 1188 1331 1279 οὐδέποτε,
1349 1196 1423 1285 πρός
1436 1192 1470 1261 δὲ

374 1298 428 1363 καὶ
447 1300 618 1389 ἀναγκαῖον
635 1306 672 1386 τῇ
690 1297 775 1362 πόλει
791 1300 844 1362 καὶ
864 1294 996 1374 ἔνδοξον.
1022 1304 1202 1391 Προςτῖθημι
1226 1299 1277 1368 δὲ’
1293 1306 1345 1368 καὶ
1362 1311 1468 1391 τοῦτο,

375 1408 417 1485 ὡς
434 1408 489 1473 καὶ
507 1409 597 1497 μόνον
617 1407 691 1473 αὑτό
709 1408 743 1473 τό
759 1407 953 1498 ψηφίσασθαι
971 1413 1022 1477 καὶ
1044 1408 1170 1488 ἐξελθεῖν
1187 1415 1223 1478 οὔ
1239 1439 1268 1478 τι
1285 1414 1316 1506 γ’
1335 1413 1470 1482 εὑκατα-

375 1519 520 1611 φρόνητον
539 1522 644 1605 ἔσται,
665 1520 707 1596 ὡς
723 1523 819 1612 ἔγωγε
835 1523 945 1610 κρίνω,
965 1521 1018 1602 ἵν’,
1039 1529 1080 1608 ἤ,
1108 1520 1162 1589 διά
1180 1524 1230 1589 τόν
1253 1524 1344 1614 φόθον
1364 1530 1416 1592 καὶ
1436 1530 1470 1594 τό

375 1628 424 1695 ἐπ’
439 1629 533 1697 αὑτόν
545 1627 677 1719 ἕτοιμον,
691 1638 751 1696 τῶν
767 1611 908 1696 Ιὺλατέων
927 1633 1105 1722 ἀπόσχηται
1123 1634 1289 1719 Φίλιππος,
1304 1642 1325 1707 ἤ
1333 1682 1343 1721 ,
1365 1662 1471 1702 κατα-

375 1745 551 1834 φρονήσας,
571 1741 745 1834 ἀφύλακτος
755 1742 865 1834 ληφθῇ.

424 1854 522 1945 Κάγὼ
546 1851 600 1942 μὲν
624 1850 702 1920 οὑτω
725 1855 778 1919 καὶ
810 1854 932 1945 γνώμης
953 1857 1006 1920 καὶ
1031 1856 1129 1947 λόγων
1155 1861 1231 1945 ἔχω·
1253 1857 1338 1945 ὑμεῖς
1363 1854 1416 1944 δέ,
1445 1865 1470 1925 ει’

375 1962 430 2053 μὲν
451 1960 584 2031 δύνασθε
603 1966 765 2049 ἀντειπεῖν,
783 1966 837 2030 καῖ
861 1961 960 2041 δεῖξαι
978 1966 1078 2044 ἄλλως
1095 1966 1164 2035 ἐνόν
1184 1968 1203 2039 ἡ
1230 1966 1383 2053 βοηθῆσαι
1408 1981 1472 2048 τοῖς

374 2078 554 2165 συμμάχοις
582 2075 603 2147 ἢ
635 2077 686 2141 τὸν
710 2071 872 2141 Μακεδόνα
899 2081 1193 2168 καταγωνίσασθαι,
1221 2081 1406 2160 ἀναστάντες
1441 2083 1471 2149 ἐν

375 2194 421 2275 τῷ
441 2187 569 2279 παρόντε
588 2185 709 2279 λέγετε,
728 2187 770 2273 μή
788 2187 841 2251 καῖ
859 2185 948 2280 τριθῄ
966 2187 1106 2279 λέγουσιν
1125 2190 1140 2255 ό
1161 2191 1288 2282 χρόνος,
1306 2194 1359 2257 καὶ
1377 2189 1471 2280 μηδὲν

374 2306 434 2385 τῷν
456 2296 609 2390 ἡμετέρων
630 2298 742 2389 λόγων,
761 2304 797 2369 ἤν
816 2322 874 2363 που
893 2300 947 2363 καὶ
968 2299 1071 2377 καλῶς
1091 2296 1224 2387 δόξωμεν
1242 2300 1468 2389 συμόουλεύειν,

375 2411 538 2482 ὀνήσησθε·
562 2412 587 2474 εἰ
606 2405 637 2474 δ’
658 2402 724 2494 οὑν,
742 2408 811 2475 ἀλλ’
831 2405 972 2483 ἀντίδοτέ
991 2435 1044 2497 μοι
1059 2412 1112 2482 τὴν
1129 2411 1310 2496 εὐπείθειαν,
1330 2415 1382 2476 καὶ
1401 2409 1470 2477 δότε

373 2529 437 2597 τοῖς
447 2522 626 2610 συμμάχοις
638 2528 732 2585 πᾶσιν
748 2518 782 2585 ἑκ
793 2528 853 2586 τῶν
862 2522 1020 2611 παρόντων
1032 2522 1155 2611 ἀγαθάς
1167 2524 1302 2604 πίστεις,
1316 2523 1357 2597 ὡς
1371 2518 1471 2615 οὐδεὶς

372 2631 530 2725 περιέποι
545 2630 658 2698 τούτων
674 2631 837 2719 πολέμιος,
858 2631 888 2709 ἐς
903 2631 933 2695 τ’
951 2633 988 2697 ἀν
1007 2635 1026 2704 ἡ
1046 2631 1132 2707 πόλις
1149 2640 1207 2697 τῶν
1229 2613 1387 2703 Ᾰθηναίων
1403 2635 1469 2698 σώ-

373 2747 478 2819 ζηται·
493 2745 547 2809 καὶ
567 2740 766 2837 παράδειγμα
782 2743 869 2809 θέσθε
884 2753 948 2820 τοῖς
965 2742 1119 2835 ὑμετέροις
1137 2746 1256 2828 παισίν,
1275 2741 1312 2807 ἵν’
1330 2742 1376 2809 ἐπὶ
1395 2770 1468 2809 και-

372 2862 432 2946 ρῶν
448 2858 661 2947 προθυμῶνται
678 2857 730 2921 καῖ
749 2846 852 2937 οὑτοι,
870 2855 944 2946 πρὸς
960 2852 1040 2942 ὑμᾶς
1061 2854 1113 2918 καὶ
1137 2854 1191 2925 τὴν
1209 2851 1353 2945 ὑμετέραν
1370 2878 1469 2920 σπου-

373 2962 442 3052 δήν,
461 2968 599 3060 καθάπερ
620 2966 723 3054 ἀμέλει
740 2969 793 3032 καὶ
809 2965 893 3055 ὑμεῖς
910 2966 985 3058 πρὸς
1000 2965 1070 3042 τοὺς
1083 2963 1245 3057 ὑμετέρους
1260 2965 1416 3056 πατέρας,
1428 2969 1469 3044 ὡς

371 3078 446 3168 πρὸς
469 3077 641 3171 ἀρχέτυπον
664 3075 838 3163 βλέποντες.
855 3079 1030 3163 ,Γνώσονται
1057 3073 1092 3142 δὲ
1118 3078 1170 3141 καὶ
1195 3077 1222 3142 οἱ
1249 3077 1407 3142 ἀντίπαλοι
1426 3079 1468 3165 μή

371 3184 489 3279 ῥᾳδίως
511 3198 710 3281 καταφρονεῖν
729 3170 865 3275 Ᾰθηνῶν,
885 3191 937 3254 καὶ
957 3199 1020 3265 τοῖς
1039 3192 1216 3276 συμμάχοις
1236 3187 1411 3279 ἐπιχειρεῖν,
1432 3190 1469 3254 ἂν

372 3302 493 3393 ἀνάγκη
511 3303 632 3377 πάντως
644 3298 716 3388 ὑμῖν
733 3302 786 3366 καὶ
801 3299 902 3366 αὑτῶν
918 3309 977 3366 τῶν
991 3303 1139 3371 ἀκινήτων
1156 3297 1322 3365 άπτεσθαι8
1338 3300 1390 3363 καὶ
1409 3321 1466 3385 με·

370 3421 520 3498 ταποιεῖν,
538 3414 592 3478 καλ
607 3412 705 3501 νόμων
721 3410 869 3505 ὑπερορᾷν
883 3414 1036 3503 ἀρχαίων,
1052 3414 1077 3476 εῖ
1092 3412 1182 3499 μόνον
1199 3409 1269 3485 τοὺς
1285 3411 1468 3497 συμμάχους

370 3526 615 3616 περιποιήσεσθε.

405 3760 413 3787 ¹
427 3764 560 3831 Κεφάλαιον
572 3770 619 3811 τῶν
629 3757 711 3825 λόγων]
723 3758 812 3809 videsis
824 3774 849 3824 p.
863 3759 904 3819 58,
966 3755 976 3782 ¹
993 3754 1088 3806 Schol.:
1101 3762 1127 3805 τὸ
1140 3756 1298 3819 ῖκσησὸμενον.

369 3851 422 3890 τιτι.
438 3842 461 3889 2.
967 3835 1047 3885 'Vide
1060 3851 1086 3900 p.
1099 3836 1145 3895 88,
1157 3850 1182 3882 n.
1196 3836 1221 3883 8.
