3684 5659
808 614 966 677 ΜΕΛΕΤΗ
991 604 1039 677 H'.
1401 609 1470 682 135

374 751 425 817 τὸν
442 749 508 815 υἱὸν
525 749 664 837 ἀτιμίας.
685 747 806 816 Μᾶλλον
822 746 876 835 μέν
897 740 948 812 νῦν
965 749 1076 825 ἱκανῶς
1093 747 1213 815 λαθόντι
1233 748 1305 843 ὅπερ
1323 752 1426 822 ἤθελεν
1442 751 1473 829 ἐξ

374 861 448 950 ἐμοῦ
467 852 537 951 (καί
557 855 612 925 διά
627 857 710 925 τοῦτ’
728 850 949 951 ἀπεκήρυττε),
967 862 1101 936 καθίζειν
1115 863 1166 926 καί
1184 861 1275 927 ποίλιν
1290 860 1370 951 ὑμᾶς
1387 858 1472 930 δοκεῖ

374 968 548 1055 δικαστάς,
568 998 619 1037 και
610 967 766 1063 λέχειν“
753 967 825 1060 νπὲρ
849 969 940 1057 ἐμοῦ,
961 972 1012 1035 καί
1037 969 1086 1062 ὑφ’
1110 969 1179 1058 ὑμῖν
1204 967 1300 1037 εἰδόσι
1323 971 1449 1038 λύειν
1419 998 1471 1045 την

373 1079 573 1221 ἀποκήρυξιν.
594 1083 671 1147 Ούτε
687 1083 766 1211 χείρ,
786 1082 827 1156 ὡς
845 1089 942 1168 μισῶν
958 1083 1046 1166 τότε,
1073 1089 1127 1158 τῆς
1152 1085 1267 1161 οἰκείας
1283 1083 1468 1172 ἀπέπεμπεν,

373 1192 439 1259 οὔτ’
453 1185 494 1259 αῦ
512 1191 706 1281 αῦτουόμως,
723 1189 805 1327 ὑμῶν
821 1217 863 1279 μη
851 1186 1070 1275 διδόντων,”
1053 1216 1179 1285 επραττε
1195 1198 1297 1270 τοῦτο·
1318 1195 1473 1262 ἀλλάπα·

372 1304 430 1397 τήρ
446 1309 503 1390 ῶν,
518 1305 561 1381 ὡς
577 1307 677 1385 ἔοικε,
695 1304 748 1369 καί
765 1302 819 1374 τήν
835 1307 888 1367 τοῦ
901 1302 968 1367 υἱοῦ
982 1304 1081 1367 ποθῶν
1100 1298 1308 1391 εὐδοκίμησιν,
1327 1304 1472 1376 η’θούλετο

373 1414 479 1481 λυπεῖν
494 1414 602 1506 μικρὸν
615 1412 647 1479 δν
658 1413 732 1490 τέως
746 1415 880 1506 έστερχε.
895 1414 954 1477 Καὶ
970 1405 1057 1488 αὖθις
1070 1410 1159 1489 εἰδὼς
1173 1411 1253 1501 ὑμᾶς
1265 1416 1298 1480 τὸ
1313 1424 1366 1492 τής
1379 1415 1472 1482 αὐτοῦ

373 1506 515 1603 διανοίας
535 1525 705 1618 ἀπόρρητον
721 1526 773 1589 καί
797 1525 837 1600 ὡς
855 1522 966 1615 σοροὺς
982 1523 1270 1612 καταληψομένους,
1287 1528 1341 1591 καί
1361 1527 1402 1602 ὡς
1417 1549 1472 1618 ρι-

373 1631 529 1713 λύπαιδας
556 1634 809 1729 ε’κχωρήσοντας,
843 1633 995 1725 παρῆλθεν
1023 1633 1172 1720 ἐνταῦθα,
1202 1639 1274 1720 καί,
1304 1639 1344 1702 τά
1375 1637 1474 1704 πολλὰ

374 1749 648 1836 σχηματισοίμενος
664 1744 734 1811 κατ’
747 1744 840 1834 ἐμοῦ,
859 1744 943 1821 τέλος
960 1744 1109 1833 λαμθάνει
1127 1745 1197 1840 ὅπερ
1214 1746 1331 1832 ἐζήτει,
1347 1751 1399 1814 καί
1419 1757 1473 1825 τῆς

373 1860 477 1934 οἰκίας
493 1854 595 1949 έξάχει
615 1856 647 1922 θν
663 1864 738 1934 ίσως
758 1867 812 1934 τῆς
833 1853 972 1933 διανοίας
996 1855 1077 1934 ἐντὸς
1098 1855 1181 1947 εἶχε,
1207 1860 1260 1925 καί
1289 1860 1339 1925 τὸν
1367 1861 1473 1952 καιρὸν

373 1966 477 2045 ἐζήτει
492 1968 544 2034 τὸν
561 1974 660 2034 ταῦτα
676 1967 820 2034 λύσοντα.

422 2082 484 2147 Καὶ
511 2080 527 2146 ὁ
549 2076 603 2169 μέν
623 2080 723 2173 πατὴρ
744 2076 856 2164 οῦτως,
878 2080 919 2157 ὡς
936 2083 1086 2152 ήκουσταί
1103 2106 1155 2169 μοι
1172 2081 1317 2172 λεγόντων
1333 2080 1470 2147 πολλῶν·

373 2183 479 2270 εἴκος’
496 2188 548 2277 δέ,
566 2189 750 2285 βαρύτερος,
768 2188 872 2280 οἶμαι,
891 2190 982 2256 θέλων
997 2187 1098 2257 δοκεῖν
1111 2194 1163 2257 καὶ
1179 2201 1233 2268 τῆς
1246 2191 1355 2282 τύχης,
1375 2196 1472 2285 ἀραι-

372 2305 494 2396 ρεῖσθαι
518 2299 707 2388 σπουδάζει,
728 2310 759 2369 εί
778 2302 836 2369 πού
858 2327 886 2368 τι
908 2304 961 2368 καί
981 2299 1034 2368 διὰ
1049 2311 1103 2379 τής
1120 2301 1192 2390 έμής
1209 2300 1322 2373 έκείυη’
1338 2300 1473 2379 σπουδής

363 2412 623 2507 ἐφιλοτιμήσατο.
643 2415 723 2500 Καί,
745 2414 786 2490 ὡς
803 2417 901 2498 ἔοικε,
930 2414 982 2478 καί
1005 2413 1164 2500 ἀνειμένως
1182 2417 1241 2488 ζῶν
1257 2415 1309 2478 καί
1330 2409 1472 2478 σπουδαί-

373 2528 453 2611 ζων,
477 2522 507 2591 ἓν
527 2527 590 2614 ἔχω
608 2523 681 2619 παρ’
699 2524 874 2619 ἀμιροτέρων
893 2524 927 2589 τὸ
949 2523 1052 2604 τέλος,
1072 2525 1107 2591 τὸ
1131 2519 1250 2595 δηλαδή
1276 2518 1370 2610 μηδὲν
1392 2526 1473 2612 ἔχειν

373 2624 416 2701 ὧν
431 2638 556 2725 ἔχουσιν
573 2637 738 2727 ἀνθρωποι.
758 2639 795 2701 Ei
814 2637 874 2728 χάρ
891 2640 942 2701 νῦν
961 2632 1014 2722 μὲν
1030 2635 1116 2725 παρὰ
1132 2638 1185 2698 τοῦ
1203 2634 1334 2726 πατρός,
1354 2634 1395 2709 ὡς
1411 2636 1472 2725 ρά·

372 2746 486 2835 θυμος,
504 2755 563 2813 τῶν
579 2747 639 2813 ἀπὸ
655 2746 855 2838 κληρονομίας
870 2745 949 2835 ἐμῶν
965 2745 1183 2832 ἀποκλείομαι,
1201 2750 1252 2810 νῦν
1269 2740 1299 2809 δ’
1318 2746 1474 2836 ἀχωνισά·

371 2880 462 2945 μενος
474 2859 561 2951 παρὰ
573 2857 680 2925 τούτου
697 2866 756 2923 τῶν
772 2858 832 2923 ἀπὸ
848 2866 901 2934 τής
915 2856 1009 2947 τύχης
1025 2857 1127 2921 καλῶν
1141 2851 1347 2944 έκδιῶκομαι,
1363 2865 1416 2922 ποῖ
1428 2881 1472 2931 τις

372 2966 412 3033 ἀν
433 2963 568 3057 μελλοι’,
594 2970 648 3035 καί
670 2978 756 3035 ποῖον
777 2969 868 3035 ἀλλον
892 2968 998 3052 πλοῦν,
1023 2967 1058 3033 οῦ
1080 2963 1230 3059 δεύτερον,
1256 2966 1336 3031 ἀλλά
1359 2965 1498 3060 τρίτονῗ

371 3082 638 3172 μεταχειρίσαιτο.
657 3081 716 3145 Καί
736 3083 761 3146 εί
779 3083 860 3144 ἔστιν
878 3070 983 3157 οῦτος,
1000 3079 1172 3171 παρακαλῶ
1190 3074 1341 3143 δεικνύναι
1359 3077 1471 3169 ἀφέντα

369 3191 406 3258 τὸ
418 3193 544 3286 κρίνειν,
563 3191 605 3268 ῶς
620 3189 732 3257 ἐκεῖνον
749 3189 834 3267 εῦθῦς
850 3189 923 3278 ἐμοῦ
940 3189 1150 3278 στελουμέυον,
1165 3190 1217 3254 καί
1233 3191 1325 3280 χάριν
1339 3185 1468 3270 ἕξοντος,

371 3298 517 3393 ῶςπερ
497 3326 535 3367 αν
556 3302 582 3367 εί
603 3326 648 3389 μη
670 3325 760 3390 μονον
777 3306 862 3385 ναῦν,
886 3300 1085 3376 θαλάσσηςέ
1068 3325 1168 3394 ερχον,
1193 3295 1329 3377 ἐδίδοτε,
1353 3298 1422 3368 ἀλλ’
1445 3303 1470 3363 εἰ

371 3414 425 3479 καί
442 3411 593 3505 πατρικήν
609 3420 713 3479 πᾶσαν
730 3414 830 3511 οἰκίαν
847 3414 901 3477 καί
918 3415 1100 3504 πράγματα.

418 3498 514 3611 ὅμως
538 3517 592 3588 δὲ’
615 3517 718 3595 ἐπειδὴ
741 3520 889 3595 κατέστην
915 3524 958 3596 είς
980 3519 1106 3611 λόχους,
1135 3520 1187 3583 καί
1211 3518 1227 3583 θ
1250 3518 1324 3595 τέως
1348 3523 1469 3612 ἔφευγον

370 3633 533 3701 συνέπεσεν
556 3631 591 3701 ἐκ
611 3638 664 3698 τοῦ
682 3641 891 3725 παραχρῆμα,
910 3629 1111 3719 βούλομαι
1077 3656 1117 3696 τα
1133 3628 1203 3695 κατ’
1221 3629 1349 3718 ε’μαυτθν
1365 3633 1470 3720 ἀρχή-

370 3747 434 3827 θεν,
449 3747 492 3823 ῶς
504 3744 584 3829 ε’νύν,
601 3740 825 3837 διηγήσασθαι.
841 3743 986 3834 Ηῦχύμην
1000 3739 1033 3808 δὲ
1047 3752 1187 3833 παρεῖναι
1202 3744 1254 3807 καί
1267 3742 1318 3808 τὸν
1331 3741 1465 3833 πατέρα,

404 3979 412 4003 “
425 3976 588 4031 Munatius
596 3977 701 4044 ιυῐλίοθῑ.
938 3979 967 4026 10
978 3998 983 4025 ι
997 3985 1044 4027 Καὶ
1055 3985 1125 4029 τοῦτο
1137 3979 1247 4047 προδαεὶς
1258 3979 1313 4045 ὶρίω
1325 3985 1374 4033 πῶς
1386 3982 1432 4042 χρή
1444 3995 1469 4024 σε

403 4056 526 4118 Ἔνθα.
543 4060 628 4128 bulm-
645 4055 737 4122 Scripsi
748 4058 838 4118 ίκτίνη,
852 4054 907 4107 θον-
933 4069 1034 4124 πτρῆσαι
1045 4064 1091 4107 Τὸν
1104 4060 1186 4115 πλοῦν,
1200 4061 1231 4112 ὡς
1242 4056 1322 4123 ρασίν,
1332 4062 1372 4103 τὀν
1387 4055 1466 4103 δεῦτε·

369 4136 542 4189 ummffioet.
933 4156 973 4205 ρον
984 4136 1080 4204 ίμρρονι
1099 4139 1172 4201 θυμῷ.
1187 4133 1222 4184 lbi
1235 4147 1289 4182 mea
1307 4131 1399 4180 nolula.
1417 4130 1468 4179 Za-

403 4214 468 4267 'Sic
478 4214 567 4267 codex.
581 4211 685 4265 Videtur
694 4223 749 4280 pout
759 4216 841 4280 μίλλοι
850 4229 906 4264 ver·
933 4215 1028 4264 chan-ias
1044 4213 1227 4268 Schohssscm,
1240 4226 1267 4276 p.
1286 4211 1333 4258 110
1344 4230 1350 4258 ι
1363 4212 1467 4278 δεύτερον

369 4291 428 4345 bum
440 4293 566 4361 quoddam
577 4293 689 4360 periim-
933 4297 1003 4342 πλοῦν
1015 4302 1135 4347 ποιεῖται,
1151 4296 1178 4340 τὸ
1194 4291 1222 4347 δὴ
1234 4294 1364 4353 λεγόμενον,
1377 4293 1467 4360 ἑτέρους

402 4370 513 4423 'Minuit
531 4371 563 4423 νδ
580 4369 737 4437 proverbium
757 4369 788 4420 de
806 4371 906 4439 δευτέρῳ
933 4374 1084 4433 ἀντιιςάγων.
1098 4367 1132 4418 lbi
1145 4367 1228 4418 Barth.
1243 4377 1268 4417 οι
1280 4382 1336 4432 ego.

369 4454 421 4519 πλῷ
432 4450 505 4501 valde
522 4450 712 4517 frequentatum·
729 4449 906 4509 Ννυῐυυοίιίιιο,
968 4442 1080 4499 ΙΙΒιθυνία
1091 4453 1290 4517 πρακατοίστασις.
