3684 5659
368 599 443 670 224
707 607 741 665 r.
770 604 844 664 ror
868 600 1122 663 πικννπνονι

369 738 513 803 ἐλλείπειν
525 732 672 819 σπουδῆς,
688 731 861 809 συνετίζειν1
875 735 925 798 τόν
942 733 1021 798 νέον·
1043 739 1067 798 εἰ
1083 731 1116 799 δὲ
1132 737 1173 822 μῆ
1184 737 1282 801 πείθοι
1295 739 1397 802 πάντα
1413 738 1460 802 καὶ

371 849 579 942 πράττωνκαὶ
599 847 706 937 λέγων,
726 844 771 910 ε’πί
789 846 823 910 τὸ
842 841 924 936 ξίφος
942 846 1027 935 ὁρᾷν,
1050 849 1102 911 καί
1123 845 1219 934 τούτῳ
1236 850 1376 938 χρᾶσθαι
1394 849 1462 939 πρὸς

370 960 423 1029 τῆν
446 966 504 1023 τῶν
527 966 629 1023 κακῶν
652 957 794 1039 ἐκκοπῆν,
821 957 862 1031 ὡς
885 965 1016 1045 κρεῖττον
1037 956 1069 1020 όν
1092 959 1211 1021 κεῖσθαι
1232 957 1283 1020 τόν
1306 959 1463 1049 ἀνάγωγον

370 1068 481 1133 ἐκεῖνον
499 1070 550 1133 καί
569 1068 720 1142 παντελῶς
738 1064 830 1142 ἐξῶλη
847 1066 866 1137 ῆ
885 1072 937 1153 ζῆν
960 1074 1080 1151 κακῶς,
1102 1069 1155 1131 καὶ
1173 1063 1305 1142 ἀναξίως
1320 1065 1375 1155 μὲν
1391 1067 1462 1133 ἑαυ-

371 1184 443 1262 τοῦ,
462 1175 591 1254 ἀναξίως
610 1173 643 1242 δὲ
660 1182 712 1242 τοῦ
731 1178 845 1268 πατρὸς
861 1178 914 1241 καὶ
933 1181 985 1239 τοῦ
1002 1175 1107 1266 γένους
1124 1177 1249 1252 παντός.

421 1271 522 1353 ᾸλλοίΞ
539 1285 602 1372 θεῖ,
621 1291 694 1375 φαίη
713 1295 750 1352 άν
766 1312 830 1372 τις,
850 1290 901 1352 καὶ
923 1288 1101 1376 ἀναγκαίως
1119 1288 1251 1374 ἔχειτὸν
1269 1287 1366 1353 κακὸν
1382 1290 1463 1353 ἀναι-

372 1409 446 1491 ρεῖν,
472 1400 513 1486 μῆ
537 1399 701 1491 αὐτοῦργον
724 1396 758 1463 θέ
782 1400 832 1464 τὸν
853 1398 971 1488 πατέρα
989 1400 1128 1488 γίνεσθαι
1145 1406 1200 1473 τῆς
1219 1394 1371 1490 σφαγῆς’,
1391 1398 1464 1464 ἀλλά

371 1509 617 1602 προςαγγέλλειν,
637 1511 689 1574 καὶ
707 1510 792 1601 παρά
809 1516 868 1573 τῶν
888 1509 1045 1598 κρινόντων
1064 1512 1163 1582 ζητεῖν
1181 1508 1200 1578 ῆ
1216 1509 1269 1579 τῆν
1287 1516 1342 1584 τῆς
1358 1511 1464 1584 κακίας

373 1622 545 1708 μετάθεσιν,
564 1619 582 1689 ῆ
600 1620 657 1706 μῆν
672 1627 725 1689 τῆν
743 1621 909 1709 ἀναίρεσιν,
931 1622 955 1682 εἰ
974 1618 1016 1704 μῆ
1034 1620 1264 1711 σωφρονίζοιτο,
1286 1621 1339 1683 καί
1358 1621 1465 1694 κακίας
1505 1664 1508 1671 ·

372 1728 541 1816 ἐκδίκησιν,
562 1731 603 1818 μῆ
621 1733 714 1817 θυμοῦ
733 1732 892 1821 θεραπείαν
910 1729 944 1793 τὸ
962 1736 1091 1818 πρᾶγμα
1107 1730 1280 1818 φαίνεσθαι.

421 1817 512 1924 fider,
532 1839 609 1930 λέγω
628 1841 733 1930 κάγώ,
753 1837 847 1916 οὕτως
863 1841 1094 1926 οἰκονομηθῆναι
1111 1839 1164 1909 τῆν
1180 1847 1234 1914 τῆς
1250 1841 1367 1915 κακίας
1383 1842 1466 1905 ἀναί-

374 1976 474 2041 ρεσιν,
498 1951 561 2016 ἐπεί
576 1954 624 2015 τοί
642 1976 677 2042 γε
695 1953 746 2016 καί
768 1952 801 2016 τό
826 1952 877 2015 σόν
900 1951 1000 2037 στόμα
1019 1951 1071 2014 καί
1096 1950 1195 2014 ἀλλων
1211 1957 1270 2014 τῶν
1291 1951 1403 2038 ὁμοίων
1421 1953 1464 2017 σοί

373 2063 550 2152 κατηγόρων
566 2058 660 2136 οὕτως
678 2062 714 2125 ἀν
733 2063 784 2125 καὶ
803 2062 899 2147 μόνως
916 2059 1082 2151 ἀπέφυγον.
1098 2041 1170 2125 Ᾰλλ’
1190 2060 1205 2124 ὁ
1223 2060 1314 2136 ζῆλος
1321 2057 1345 2145 ⁸,
1365 2058 1463 2149 οἶμαι,

375 2175 563 2264 συνήρπασε,
591 2172 642 2235 καὶ
670 2171 703 2235 τό
727 2180 780 2246 τῆς
806 2170 907 2259 ψυχῆς
929 2173 1026 2245 πάθος
1049 2170 1240 2261 παρῶτρυνεν
1261 2169 1465 2262 αὐτουργῆσαι

374 2285 426 2348 καί
444 2283 496 2353 τῆν
514 2285 645 2372 σφαγῆν.
665 2284 704 2346 Τό
722 2280 774 2368 μἐν
793 2274 843 2345 οὖν
862 2283 1058 2368 μετατεθῆναι
1076 2289 1128 2355 τῆς
1142 2283 1256 2356 κακίας
1270 2278 1395 2359 ἐκεῖνον,
1414 2283 1467 2348 κάν

376 2390 471 2481 θῆμος
490 2393 589 2476 άπας,
615 2393 671 2456 κάν
693 2395 711 2463 ῆ
734 2393 819 2468 πόλις
841 2395 966 2481 παρῄνει
989 2391 1155 2478 σύμπασα,
1179 2391 1237 2455 κάν
1257 2393 1298 2455 τά
1317 2388 1466 2484 φρικωδέ-

376 2528 475 2568 στατα
491 2503 658 2587 ἐπηπείλει,
677 2503 734 2567 κάν
749 2504 846 2567 ὁτιοῦν
859 2503 877 2572 ῆ
894 2510 951 2566 τῶν
963 2509 1066 2567 κακῶν
1080 2502 1099 2572 ῆ
1113 2509 1171 2566 τῶν
1188 2503 1314 2592 ἀγαθῶν
1329 2505 1468 2592 ἔπραττεν

375 2618 417 2690 εἰς
435 2614 559 2694 ἐκεῖνον,
576 2615 694 2688 πάντως
717 2612 891 2677 ἀνέλπιστον
910 2607 959 2694 ἦν,
983 2613 1035 2676 καὶ
1062 2607 1132 2676 οὐδὲ
1153 2612 1258 2702 χώραν
1280 2608 1361 2701 εἶχεν
1379 2613 1395 2677 ὁ
1416 2613 1468 2678 λο-

376 2726 484 2816 γισμὸς
506 2725 640 2788 τοιοῦτόν
665 2749 693 2787 τι
724 2723 914 2814 λογίζεσθαι.
945 2723 985 2785 Τό
1017 2717 1047 2786 θ’
1075 2717 1212 2786 ἐκποδῶν
1240 2722 1401 2813 γενέσθαι,
1431 2724 1468 2799 ὡς

375 2835 572 2925 γενησόμενον
593 2835 785 2923 ἀναγκαίως,
810 2833 902 2897 καλὸν
925 2831 977 2920 μἐν
995 2827 1044 2910 ἦν,
1066 2836 1091 2897 εἰ
1109 2833 1194 2923 παρὰ
1216 2838 1269 2897 τοῦ
1293 2828 1393 2921 δῆμου
1413 2834 1467 2899 πέ-

375 2961 510 3035 πρακτο·
538 2943 624 3027 ἀλλ’,
653 2940 755 3013 έπειόῆ
779 2943 812 3007 τό
838 2947 947 3008 οἰκεῖον
973 2943 1066 3018 πιέζει
1094 2952 1172 3025 πᾶν,
1201 2943 1242 3018 ὥς
1266 2968 1311 3020 τις
1335 2949 1389 3036 ἔφη
1413 2953 1468 3010 τῶν

375 3051 534 3133 ποιητῶνῦ,
559 3054 657 3119 ἐλύπει
678 3053 757 3140 κάμὲ
781 3055 932 3129 τὸπάθος
956 3054 1043 3118 πλέον
1064 3063 1122 3119 τῶν
1144 3054 1262 3136 ἀλλων,
1286 3057 1339 3119 καί
1364 3057 1468 3121 ταυτὸν

378 3170 513 3253 ἔπασχον
530 3175 593 3240 τοῖς
616 3175 746 3256 σφαῖραν
770 3165 890 3255 ὁρῶσιν.
910 3146 1030 3229 θκεῖνοί
1046 3190 1077 3228 τε
1095 3168 1154 3257 γάρ
1172 3165 1241 3231 ὅσον
1261 3162 1374 3256 ἔγγιον6
1390 3167 1467 3257 ὁρῶ·

412 3400 476 3450 'Sic
492 3399 548 3448 cod.
565 3397 692 3457 Fortasse,
710 3400 732 3446 ἐν
746 3407 779 3464 τῷ
793 3416 852 3457 σνν.,
870 3398 908 3446 vel
936 3398 1064 3466 εὖφραίνειν
1098 3404 1204 3463 μάλιστα
1238 3407 1345 3469 πέφυκεν.
1381 3401 1469 3452 Rursus

375 3488 417 3532 τοῦ
429 3500 489 3540 ουκ,
501 3480 539 3528 vel
551 3486 705 3539 συνετίζοντα.
936 3476 1003 3524 Orat.
1015 3479 1042 3534 3,
1055 3494 1080 3540 p.
1094 3478 1125 3527 96
1138 3498 1143 3527 :
1155 3482 1175 3528 εἰ
1188 3486 1215 3529 τὸ
1230 3481 1315 3530 οἰκεῖον
1326 3487 1403 3542 πιέζει
1414 3489 1466 3539 πᾶν,

409 3559 418 3583 ²
431 3559 523 3607 Schola
535 3562 603 3625 ἑτέρα
614 3560 752 3620 μετάληψις.
935 3563 996 3604 κατὰ
1012 3557 1135 3622 Πίνδαρον,
1153 3560 1278 3622 ἀναγκαῖος
1289 3564 1301 3609 ό
1314 3566 1368 3628 περί
1382 3564 1468 3610 τούτων

411 3636 549 3685 ³Eamdem
559 3635 719 3699 objectionem
728 3634 907 3684 Declamatione
936 3634 1015 3699 ἔμοιγε
1035 3639 1109 3697 λόγος.
1127 3636 1258 3700 Gregorius
1273 3638 1406 3699 Presbyter
1418 3639 1468 3687 Vita

375 3718 559 3779 Τυραννοκτόιου
569 3712 800 3767 ῐιαοιοῑῦίιοτίεἱιιε,
813 3727 839 3775 p.
849 3712 905 3759 230.
935 3713 1088 3771 Nazianzenh
1096 3729 1121 3777 p.
1134 3716 1148 3760 θ
1160 3734 1166 3762 z
1178 3717 1198 3763 εἰ
1208 3722 1254 3783 γὰρ
1265 3723 1292 3766 τὸ
1302 3720 1387 3766 οἰκεῖον
1397 3723 1468 3778 πιέζει

411 3789 524 3840 ‘Nomen
542 3795 609 3852 ζῆλος
623 3791 711 3839 decere
725 3791 802 3852 magis
814 3790 909 3839 videtur
935 3800 991 3848 πᾶν,
1003 3799 1063 3842 κατὰ
1076 3794 1199 3858 Πίνδαρον,
1214 3796 1248 3851 οἷς
1259 3796 1356 3852 ἕκαστος
1370 3798 1466 3852 ἥδεται,

373 3869 499 3919 hominem
516 3869 721 3926 ecclesiasticum,
741 3883 812 3932 quam
826 3877 908 3916 orato·
935 3874 1025 3927 τούτοις
1047 3872 1121 3926 δήπου
1139 3878 1178 3919 καὶ
1198 3879 1329 3937 τιμώμενος
1347 3879 1467 3936 γάνυνται.

375 3966 438 4006 rem,
455 3948 494 4014 qui
505 3948 612 4012 fingitur,
626 3946 742 3995 Atticum.
753 3945 793 3995 Sic
803 3955 827 3995 et
840 3961 906 3994 mox.
935 3949 1082 3998 scholiastes
1096 3949 1195 3998 secundi
1206 3950 1268 4009 loci,
1284 3951 1468 4001 Montaeutianae

412 4028 422 4053 ¹⁵
435 4027 553 4077 Pindarus
570 4028 597 4073 N.
619 4030 628 4073 1
640 4061 647 4083 ,
663 4027 694 4074 82
706 4045 712 4074 ι
725 4033 750 4075 τὸ
768 4033 814 4093 γάρ
826 4029 908 4075 οἰκεῖοι
935 4043 961 4090 p.
970 4030 996 4076 61
1005 4066 1011 4085 ,
1020 4027 1116 4090 legebat
1127 4031 1195 4078 πάνθ’
1206 4029 1282 4077 insuo
1290 4030 1361 4094 lyrici
1370 4029 1466 4079 codiee:

379 4109 455 4168 πιέζει
466 4110 534 4157 πάνθ’
547 4111 616 4170 ὁμῶς.
627 4105 774 4170 scripturam
787 4114 843 4164 πᾶν,
855 4121 907 4168 quae
935 4109 958 4155 ἐν
966 4117 996 4174 τῇ
1004 4115 1049 4170 μιᾷ
1062 4113 1138 4155 τοίνυν
1151 4117 1196 4156 τῶν
1207 4118 1274 4157 νικῶν
1287 4111 1359 4160 ἐκεῖνό
1369 4128 1437 4178 φησιν
1447 4109 1468 4170 (ὁ

375 4185 434 4232 viris
453 4185 557 4245 criticis,
576 4195 602 4233 ut
620 4184 727 4242 videtur,
751 4184 832 4248 ignota
850 4186 907 4240 suit,
935 4184 984 4246 IL),
1000 4185 1036 4234 ὅτι
1054 4192 1082 4234 τὸ
1100 4187 1182 4234 οἰκεῖον
1193 4187 1291 4237 ἕκαστον
1305 4194 1382 4249 πιέζει
1393 4192 1467 4243 κακόν,

377 4272 478 4310 noverat
487 4262 905 4326 etGregoriusNazianzenusEpist.
934 4262 1015 4311 ὅέστι
1038 4269 1118 4312 πάντα
1140 4264 1262 4330 ἄνθρωπον
1283 4272 1311 4314 το
1335 4267 1396 4316 ἴδιον
1417 4268 1468 4330 ἀνιᾷ

382 4341 440 4398 194,
458 4354 484 4402 p.
506 4340 571 4388 892:
586 4348 612 4390 τὸ
632 4347 678 4408 γάρ
697 4344 779 4390 οἰκεῖον
797 4342 859 4390 ἅπαν
882 4339 907 4388 οὖ
935 4345 1012 4390 κακόν.

377 4422 452 4478 πιίζει
466 4423 545 4481 μόνον,
558 4422 588 4474 ὡς
599 4428 629 4486 τῇ
641 4422 698 4486 λύρᾳ
710 4421 784 4477 δοκεῖ,
797 4422 855 4468 ἀλλὰ
868 4424 907 4466 καὶ
970 4418 979 4444 ⁰
993 4419 1089 4479 Codex,
1103 4420 1194 4485 ἔγγυον.
1207 4420 1257 4471 Sed
1267 4420 1301 4472 ab
1315 4422 1382 4487 ἔγγυς
1394 4421 1420 4472 [it
1429 4424 1468 4487 iy-
