3684 5659
372 617 441 690 198
708 625 742 683 Γ.
771 623 845 683 ΤΟΥ
871 619 1127 684 ΠΑΧΥΜΕΡΟΥΣ

370 762 510 830 τήσασιν.
535 738 619 821 ditat
645 756 768 838 σκόπει,
794 755 906 846 λέγεις,
928 753 1023 839 οῦτω,
1048 758 1100 820 καί
1119 755 1301 849 παράλληλα
1317 755 1412 823 τίθειι
1429 761 1465 822 τὰ

371 869 608 960 γράμματαναί
628 867 677 930 τὸν
693 867 804 931 σκοπὸν
821 865 893 953 ε’μοῦ
912 869 1013 931 τεκαὶ
1037 873 1150 932 σαυτοῦ
1168 867 1264 958 ῦσαγε
1282 869 1335 933 καί
1355 870 1465 934 σκοπὸν

371 979 461 1043 ἄλλον
477 978 625 1068 μακρόθεν
640 976 725 1046 ἵστη·
747 978 798 1040 καὶ
816 977 889 1065 πρὸς
904 976 1014 1041 ἐκεῖνον
1028 978 1080 1046 τὴν
1095 986 1153 1042 τῶν
1166 980 1356 1069 γραμμάτων
1369 979 1465 1069 κρίσιν

374 1088 533 1153 οἱπεῦθυνε.

421 1225 435 1256 (ι
446 1181 472 1264 ὀ
485 1195 572 1289 γοῦυ’
583 1199 695 1273 σκοπὸς
709 1191 752 1273 εἷς
766 1197 962 1289 ἀμφοτέρων»
975 1201 1046 1289 φης,
1058 1202 1202 1274 «πάντως
1215 1199 1409 1291 φυλαχθῆναι
1420 1200 1465 1264 τὸν

371 1311 460 1397 νόμον
477 1313 529 1374 καί
550 1311 590 1396 μη
608 1305 763 1374 διαπεσεῖν
779 1309 813 1372 τὸ
829 1311 1029 1400 γραφόμενον.
1049 1309 1094 1374 Οῦ
1108 1311 1168 1400 χρη
1182 1312 1242 1401 γοίρ
1261 1306 1332 1375 οῦδὲ
1350 1306 1465 1376 δίκαιον

371 1423 421 1487 τὸν
437 1423 667 1512 ἁμαρτάνοντα,
685 1419 755 1484 καθ’
772 1419 816 1484 ὅτι
832 1420 868 1483 ἂν
883 1420 897 1483 ὁ
912 1421 1002 1507 νόμος
1018 1418 1196 1512 προςέταξε,
1212 1422 1254 1508 μὴ
1267 1421 1463 1497 κολάζεσθαι.

374 1525 490 1616 Οῦτος,
509 1531 623 1622 λέγεις,
652 1532 667 1595 ὁ
690 1531 801 1606 σκοπὸς
824 1531 998 1622 ἀμφοτέρων
1017 1531 1147 1620 ἐμαυτοῦ
1165 1534 1217 1596 καὶ
1238 1538 1308 1597 σοῦ.
1329 1532 1419 1623 Φέρει
1435 1529 1466 1598 δὲ

373 1652 436 1718 τοῖς
457 1645 618 1734 γράμμασι
641 1642 694 1711 τὴν
718 1640 900 1731 ἀμφιῦολίαν

375 1755 572 1843 ἰσχυρίζομαι
587 1751 629 1816 ἑνί
641 1751 675 1843 γέ
688 1776 730 1838 τῳ
745 1752 844 1841 τρόπῳ
857 1752 907 1816 τὸν
924 1753 1013 1840 νόμον
1026 1749 1171 1844 φυλοίξαι.
1188 1756 1247 1818 Καὶ
1267 1757 1293 1818 εἰ
1307 1752 1362 1841 μὲν
1377 1751 1468 1830 οῦτως

375 1868 456 1951 ἔχει,
481 1865 521 1939 ὡς
543 1863 601 1953 ἐγὼ
624 1860 719 1952 λέγω,
745 1865 796 1926 καὶ
823 1860 1040 1954 παροξύνεται,
1062 1861 1147 1952 οἶμαι
1166 1860 1295 1940 δικαίως
1314 1866 1366 1931 τὸν
1383 1866 1468 1952 νόμον

374 1974 425 2036 καὶ
439 1973 490 2041 την
505 1971 616 2036 ἐκείνου
634 1967 778 2055 βούλησιν
796 1971 978 2064 ἐκπληροῦν·
1000 1977 1024 2038 εἰ
1043 1969 1087 2051 d’,
1108 1975 1149 2048 ὡς
1162 1973 1198 2037 σὺ
1216 1973 1334 2064 λέγεις,
1354 1999 1469 2066 προπα-

375 2251 411 2305 οῦν
439 2256 562 2319 ἒμῦέὸὶηκε
581 2251 671 2322 bipes}
695 2257 811 2309 Σινεὶικῆς
834 2265 909 2316 πηγῆς
937 2259 990 2320 ἔσχε
1003 2263 1055 2307 κατ’
1070 2258 1141 2317 οἷκον,
1156 2276 1227 2325 quant
1240 2261 1470 2316 mutationem‚nec

373 2331 499 2401 Ἀρεθούσης
517 2331 629 2396 τοῦνομα.
641 2331 723 2381 Codex
805 2339 845 2380 sut
862 2352 909 2383 πο·
937 2335 1039 2395 ιιιιιίηιιι,
1060 2352 1099 2385 νινε
1116 2335 1213 2402 quidem
1228 2335 1327 2399 judice,
1343 2335 1470 2385 Theodoro

375 2420 462 2480 ταμοῦ·
485 2435 510 2463 π.
532 2433 552 2463 ο.
574 2414 664 2462 &sidcis
684 2421 717 2479 τῷ
740 2406 767 2459 it.
789 2421 830 2468 τῆς
849 2417 908 2460 Σ....
938 2413 1027 2463 tribuo.
1042 2415 1073 2463 Et
1093 2416 1168 2480 ipsius
1184 2431 1237 2464 esse
1251 2426 1313 2480 puto
1332 2417 1470 2465 varieutem

375 2493 493 2542 Maximus
513 2491 632 2540 Planudes
647 2489 805 2539 conversione
824 2488 908 2538 Graeca
937 2494 1088 2561 ποτιῦὲριιυ,
1099 2509 1144 2557 pro
1157 2498 1315 2562 καταθρεῖτι,
1328 2494 1472 2545 scilicetvo·

375 2571 506 2620 Metrorunt
520 2569 630 2625 Boethii,
647 2569 676 2626 ί,
693 2573 700 2614 l
715 2588 720 2616 :
733 2571 784 2617 Εἰσὶ
794 2573 840 2634 γὰρ
853 2571 910 2616 ὠκὺ·
936 2571 981 2620 tuit
995 2570 1080 2620 durum
1100 2571 1219 2621 vocalium
1233 2592 1256 2622 ει
1270 2586 1417 2622 concursum
1434 2569 1473 2619 ef-

377 2655 575 2717 τνιταιπτὲρυγες
586 2650 638 2710 ἐμοὶ
648 2642 684 2703 Ἐς
695 2643 749 2711 ῦρος
758 2649 854 2702 ἥκουσαι
865 2650 910 2694 πί·
938 2649 1035 2712 iugem
1059 2648 1102 2697 sed
1128 2650 1269 2714 properavit
1291 2650 1380 2706 nimis,
1402 2663 1472 2714 quum

377 2732 424 2786 ico,
439 2727 473 2784 Ἃς
487 2733 658 2795 περιαψάμενος
676 2733 725 2781 νοῦς
743 2723 854 2793 ιῦᾶρομος
865 2731 909 2780 Γῆν
938 2726 1065 2791 singularis
1080 2742 1183 2790 persona
1196 2729 1252 2777 novi
1267 2727 1337 2778 verbi
1353 2727 1433 2777 aliena
1443 2726 1473 2776 sit

376 2813 418 2869 μὲν
435 2816 525 2867 στυγῶν
545 2806 668 2864 discedet,
682 2799 775 2866 Ἄντυγα
791 2805 812 2852 δ’
831 2808 910 2870 ἠερίην
938 2821 952 2854 a
965 2805 1046 2870 priore
1059 2804 1172 2854 disticho.
1186 2805 1212 2854 ln
1223 2806 1376 2856 Thesaururn
1387 2821 1472 2855 norum

377 2884 551 2950 ῦπερίπτοιται,
566 2885 669 2948 Νεφέλην
687 2885 759 2930 λιπὼν
774 2886 909 2948 ὁπιοτίρυιν.
940 2883 1038 2932 verbum
1061 2889 1194 2948 μεθίζεσθαι
1219 2884 1378 2933 eschedulis
1400 2884 1472 2941 meis,

377 2961 461 3012 Codex
473 2961 537 3010 :oet
547 2998 553 3017 ‚
565 2966 618 3027 νέρη
633 2963 656 3006 t.
670 2960 796 3026 ὀπίοτερνι,
809 2959 911 3007 iambico
939 2960 1047 3009 indicato
1063 2961 1185 3010 Theodori
1203 2961 1259 3010 ioco
1278 2973 1405 3027 receptum
1424 2970 1472 3019 est,

378 3040 463 3089 inciius
476 3039 619 3094 incedentc;
632 3052 659 3084 nc
670 3037 768 3085 incedet
779 3036 912 3100 dactylicus
939 3038 1053 3101 adjuncta
1061 3040 1231 3098 conversione,
1239 3057 1249 3081 ι
1257 3039 1342 3088 sedent
1350 3049 1473 3096 mutere»,

378 3116 706 3181 inelius‚script0-ro'c;quod
717 3116 795 3179 reperi
806 3154 811 3172 ,
823 3129 851 3163 nc
863 3114 912 3162 sere
940 3133 992 3180 quae
1015 3133 1069 3165 inea
1090 3134 1138 3167 non
1159 3128 1210 3176 cst,
1231 3118 1272 3179 qui
1294 3117 1441 3183 plerumque
1460 3132 1474 3165 u

379 3198 470 3260 reperit
486 3196 566 3244 editor
577 3210 621 3242 suo
641 3195 664 3241 in
685 3192 785 3251 codice,
800 3192 840 3241 ubi
858 3208 912 3241 esse
940 3197 1127 3256 convertendis,
1147 3212 1200 3260 quae
1219 3194 1354 3244 editoribus
1372 3211 1410 3245 νν,
1431 3194 1473 3243 dd.

378 3292 415 3324 νοο
435 3283 544 3322 testatur.
560 3271 703 3320 Theodorus
723 3271 808 3320 Prodr.
831 3270 910 3319 Rhod.
940 3274 1089 3325 transmitto.
1102 3271 1225 3322 vocubulis
1243 3271 1366 3320 abstineo,
1386 3273 1410 3320 Si
1429 3288 1475 3321 νο-

380 3353 409 3411 8,
426 3368 451 3413 p.
470 3353 641 3418 3ῖίῖιΓέροντι
658 3356 759 3415 μὲνγὰρ
777 3355 817 3397 τοῦ
835 3353 913 3416 ξίφους
939 3350 1037 3399 luissein
1060 3351 1085 3399 id
1112 3361 1268 3409 convertere,
1291 3351 1473 3415 proposuissent

378 3438 459 3498 μικρὸς
468 3433 543 3497 pedes
555 3430 581 3478 tn
594 3428 720 3476 Rhodonin
729 3427 825 3475 Macar-ii
838 3426 913 3491 Chry·
942 3448 953 3474 ι
966 3430 1053 3478 sedere
1066 3446 1114 3478 una
1125 3449 1137 3472 ν
1147 3467 1154 3487 ‚
1165 3429 1202 3478 vel
1215 3429 1390 3492 Suvignisnum
1405 3447 1415 3471 ι
1430 3444 1476 3477 unn

379 3510 525 3573 conenheim,
539 3507 578 3572 qui
595 3507 659 3555 hunc
672 3521 766 3554 tersum
781 3506 912 3569 excerpsit,
941 3507 1081 3556 assidere».
1094 3507 1192 3561 Tenue.
1206 3507 1283 3554 fatcor
1294 3521 1385 3554 nornen
1399 3506 1477 3554 Theo·

379 3589 476 3651 legitur,
497 3595 610 3634 nronente
630 3599 669 3632 nie
692 3584 713 3632 J.
742 3583 840 3632 blorcllo
864 3584 914 3632 viro
941 3585 1009 3644 dori;
1030 3585 1074 3634 sed
1096 3601 1169 3650 quum
1190 3584 1263 3633 [uerit
1282 3582 1393 3632 habiturn
1414 3583 1477 3648 qued

379 3664 600 3724 desideratissimo,
626 3669 707 3728 μικρὸς
731 3664 803 3723 λόγος,
831 3660 913 3720 Idem,
941 3665 1058 3714 citaretur
1079 3663 1193 3727 dignum,
1213 3672 1238 3711 et
1255 3662 1344 3725 dignus
1363 3662 1408 3711 suit
1427 3661 1477 3726 ejus

381 3759 405 3806 p.
417 3743 464 3790 3¹19
477 3761 482 3789 ι
494 3738 527 3789 Ἂν
543 3741 561 3788 δ’
574 3744 597 3789 ἑκ
611 3747 682 3803 μένου
696 3740 717 3800 (ὁ
731 3742 802 3806 φίλος)
815 3745 913 3800 γίνοιτο,
942 3743 1003 3791 liber
1014 3743 1054 3807 qui
1067 3742 1238 3805 inspiceretur,
1249 3756 1337 3788 sensus
1354 3739 1477 3789 asserendi

380 3827 420 3870 καὶ
436 3823 480 3888 ῥυῇ
490 3823 571 3885 χρόνος
581 3855 587 3875 ,
598 3816 622 3866 '11
634 3829 679 3867 τῶν
692 3821 822 3876 redebeo?
836 3819 915 3866 δαπα·
942 3835 1022 3868 causa.
1042 3819 1134 3868 Nomen
1149 3819 1221 3866 etiam
1238 3808 1310 3866 tende
1327 3832 1423 3874 ineurn,
1439 3816 1478 3864 di-

380 3898 557 3965 νᾶταικαρῦία.
570 3896 702 3954 Macarius,
718 3898 773 3963 ῥοῇ,
790 3895 855 3960 quod
870 3895 915 3944 ha·
942 3914 1014 3961 gnurn
1034 3909 1113 3946 tarncn
1128 3896 1186 3944 inihi
1205 3897 1291 3944 saltem
1310 3894 1379 3960 quod
1393 3895 1425 3944 ab
1438 3911 1478 3943 er-

382 3976 487 4026 bendurn
502 3989 555 4024 csse
567 3973 662 4022 ridetur
676 3990 721 4038 pro
734 3973 819 4021 celanti
831 3973 913 4037 lapsu,
942 3993 997 4025 rore
1008 3992 1055 4024 non
1067 3991 1121 4024 ineo
1132 3974 1262 4023 vindicem.
1277 3973 1336 4033 Quae
1346 3973 1478 4022 vindicatio

381 4072 428 4105 non
442 4056 490 4104 alio
502 4053 587 4103 verbo.
600 4052 666 4101 ldern
685 4052 789 4100 Tetrast.
807 4069 831 4114 p.
851 4054 912 4101 150:
943 4055 1015 4104 sicui
1035 4055 1097 4102 forte
1116 4070 1164 4102 non
1186 4051 1307 4118 placebit,
1320 4051 1402 4100 dicant
1415 4050 1479 4116 quod

381 4143 491 4202 χαίρετε,
514 4137 703 4201 ὰμπλοκοέργοι,
729 4133 833 4198 θαρσέετ’
859 4132 915 4182 ἔθνε’
943 4132 1075 4180 diritillc:
1095 4132 1172 4179 «laus
1191 4145 1244 4178 inca
1263 4129 1396 4193 plurimum
1415 4127 1479 4192 apud

381 4215 490 4280 ἀλιτρῶν·
503 4219 603 4279 Χριστὸς
613 4215 767 4280 νἰλιτρυῦίοιτι
781 4216 913 4275 μεθίζεττιι·
943 4226 981 4259 nte
995 4211 1068 4258 voluit
1084 4229 1106 4259 ν.

382 4292 423 4346 ndi
436 4293 576 4348 τε,ὂειπνεῖ.
587 4297 708 4342 Mastane
721 4295 866 4356 καταθρεῖτε·
878 4289 914 4344 ἔην
978 4287 985 4312 ¹
1000 4293 1139 4356 Παράλληλα
1154 4285 1223 4350 τίθει]
1242 4285 1274 4334 cf.
1288 4301 1315 4350 p.
1331 4287 1392 4344 132,
1410 4288 1448 4336 14.

382 4374 454 4432 πάρος
476 4371 536 4436 ἀμφὶ
558 4372 682 4428 τελώναις,
701 4376 748 4419 Νῦν
770 4371 794 4418 δὲ
814 4373 915 4434 Χριστὸν
976 4364 1137 4417 ’Sohobzrb
1148 4372 1256 4433 περιέχον
1270 4372 1310 4414 καὶ
1329 4372 1356 4415 τὸ
1372 4368 1479 4433 περιεχό-

383 4449 470 4497 dirueret
485 4453 599 4496 συνέστιον
615 4449 679 4511 ἔσχεν
693 4447 715 4496 ἐν
734 4451 798 4512 οἴκῳ,
816 4445 914 4504 Cedet,
942 4463 1009 4507 μενον
1023 4449 1128 4509 εῐςίιρων,
1141 4447 1164 4504 ἐξ
1177 4448 1312 4500 ἀντιθέσεως
1324 4446 1383 4493 bist.
