3684 5659
808 624 965 697 nonnis
991 613 1046 688 ιν.
1211 580 1228 619 ”
1404 625 1476 699 243

378 755 423 830 ὡς
436 753 651 831 λυσιτελοῦσης
669 763 723 832 τῆς
740 758 927 841 άθετήσεως,
948 758 1027 822 ἱνατί
1042 759 1083 845 μὴ
1099 759 1346 850 παραθεωρητέον
1365 760 1475 829 ἐκεῖνον

378 874 424 954 τῷ
442 865 488 930 ἐπὶ
508 874 566 930 τῶν
584 866 723 945 κοινῶνίς
742 868 831 954 μόνον
848 867 970 934 άπέστω
989 865 1077 945 δόλος
1094 871 1176 946 άπας
1192 872 1244 935 καί
1264 866 1399 947 δῦςνοια.

430 975 525 1042 Ταῦτ’
551 975 687 1043 ἑποίουν’
705 979 731 1043 οἱ
753 977 890 1071 ἡμέτεροι
912 980 1069 1070 πρόγονοι,
1089 980 1177 1046 ταῦθ’
1198 982 1226 1045 οἱ
1250 979 1378 1060 ἐκείνους
1399 980 1474 1050 δια-

378 1084 557 1175 δεξάμενοι,
587 1088 675 1154 ταῦτ’
702 1089 749 1155 ε’πί
776 1098 829 1165 τῆς
856 1093 956 1173 οἰκίας
984 1088 1125 1168 ἕκαστος.
1150 1092 1372 1186 Επυρπέλησάν
1399 1120 1475 1172 τινες

378 1207 476 1279 νῆας,
497 1200 547 1263 ἵνα
559 1201 723 1270 νικήσωσι·
739 1199 914 1290 παρέλυσαν
931 1209 1050 1288 τεῖχος,
1069 1200 1107 1265 ἵν’
1121 1197 1152 1277 ἐξ
1167 1204 1297 1293 ἀφανοῦς
1315 1203 1473 1270 ε’πίθωνται

376 1320 443 1386 τοῖς
460 1309 597 1402 ἐχθροῖς·
617 1311 667 1375 τὸν
689 1320 741 1388 τῆς
764 1312 949 1383 πανσελήνου
972 1314 1060 1399 νόμον
1077 1314 1247 1379 κατέλυσαν
1267 1317 1294 1379 οἱ
1314 1313 1473 1384 Λακεδαι-

378 1416 507 1508 μόνιοιθ,
539 1417 642 1492 ἐπειδὴ
669 1421 864 1513 φυλάττοντες
888 1420 999 1488 ἐκεῖνον
1028 1419 1118 1500 δόξης
1147 1423 1286 1517 μακράςι
1308 1433 1361 1492 τοῦ
1386 1425 1472 1505 δόξαι

376 1534 532 1624 κρείττους
548 1538 669 1624 Περσῶν
691 1532 912 1625 ἐστερήθησαν·
940 1543 1024 1620 μυεῖν
1048 1535 1159 1600 κελεῦει
1181 1535 1403 1624 Θεμιστοκλῆς5
1425 1538 1471 1604 ἐπὶ

377 1651 432 1717 τῆς
450 1642 626 1728 Θαλάσσης,
651 1646 703 1709 καὶ
729 1644 813 1709 πόλιν
836 1643 888 1728 ε’ᾷν
910 1648 1035 1736 τειχήρη
1054 1648 1105 1710 καί
1125 1646 1383 1734 μεταθιθάζεσθαι
1400 1651 1474 1741 πρὸς

376 1754 433 1831 τὰς
450 1760 540 1839 ναῦς,
560 1756 601 1842 μὴ
618 1754 708 1831 ναοὺς
725 1757 811 1840 θεῶν,
832 1756 873 1843 μὴ
890 1758 986 1832 θήκας
1001 1756 1151 1848 πατέρων,
1172 1759 1214 1846 μη
1233 1762 1375 1847 μνήματα
1394 1785 1472 1853 συγ-

376 1873 486 1958 γενῶν,
505 1866 547 1954 μὴ
564 1865 744 1956 φιλοκαλίας
762 1869 925 1951 παντοίας,
947 1869 988 1955 μη
1011 1872 1153 1954 κτήματα
1172 1870 1311 1957 θεμένους
1331 1875 1372 1947 εἰς
1389 1877 1469 1956 νοῦν,

376 1976 397 2048 ἢ
420 1977 638 2070 φροντίσαντας
660 1977 694 2041 τὸ
717 1979 862 2067 παράπαν
886 1980 910 2040 εἰ
935 1978 1172 2068 παραπόλοιντο.
1200 1978 1287 2045 Οίιτω
1313 1988 1472 2070 πανταχοῦ

376 2088 429 2152 καί
448 2086 595 2161 πολλάκις
616 2086 630 2150 ὁ
653 2083 721 2164 βίος
737 2095 979 2174 καινοτομεῖται,
1003 2085 1080 2153 οῦτω
1099 2090 1139 2153 τά
1157 2092 1244 2155 κοινά
1265 2085 1468 2178 διοικοῦνται,

375 2193 456 2262 οῦτω
473 2199 525 2263 καί
543 2199 583 2261 τὰ
599 2196 670 2263 καθ’
688 2194 827 2261 ἕκαστον.

424 2310 495 2373 Εἰσί
513 2304 591 2399 polp⁰
606 2309 659 2372 καί
678 2306 726 2373 ἐπ’
742 2310 841 2384 οἰκίας
858 2307 977 2396 ἑκάστῳ
995 2309 1080 2395 νόμοι
1097 2312 1148 2374 καὶ
1167 2311 1311 2376 παλαιοί·
1333 2315 1396 2376 ἔστι
1415 2315 1469 2377 τινί

375 2420 409 2483 τὸ
426 2416 512 2495 άπαξ
527 2427 581 2494 τῆς
601 2419 715 2510 ἡμέρας
736 2418 857 2502 ἐσθίειν,
878 2418 961 2505 άλλῳ
979 2419 1012 2483 τὸ
1034 2423 1195 2507 νουμηνίας
1214 2420 1343 2496 ἑκάστης
1359 2446 1470 2515 περια-

375 2532 455 2622 θρεῖν
477 2532 530 2595 καὶ
554 2528 730 2620 λογίζεσθαι
755 2530 795 2593 τά
817 2528 886 2593 κατ’
906 2526 1004 2614 οἷκον,
1031 2530 1113 2618 άλλῳ
1135 2533 1169 2595 τὸ
1188 2530 1319 2606 ἑκάστης
1339 2530 1471 2624 ἐκφορεῖν

373 2636 463 2726 τόδε,
483 2642 535 2706 καὶ
554 2640 637 2727 άλλῳ
650 2640 742 2724 άλλο,
759 2642 811 2705 καί
832 2640 951 2726 ἑκάστῳ
971 2639 1081 2732 ἕτερον.
1101 2622 1175 2706 Ᾰλλ’
1188 2642 1269 2729 ὅμως
1284 2643 1389 2733 καιρὸς
1409 2642 1472 2733 ἑφί-

374 2747 517 2836 σταταιί,
537 2753 589 2816 καί
613 2753 845 2843 παραθεωροῦσι
871 2751 940 2828 τοῦς
963 2754 1088 2838 νόμους,
1110 2754 1198 2839 μόνον
1218 2757 1242 2818 εί
1270 2754 1470 2819 συνοίσουσαν

374 2859 489 2954 κρίνοι”
506 2887 552 2938 τις
568 2863 621 2933 τὴν
638 2862 791 2934 ἀθέτησιν.

424 2976 460 3038 Τί
476 2969 591 3038 τοίνυν9
603 2970 697 3048 οὕτως
711 2973 749 3038 σὺ
764 2974 873 3065 ε’φάνης
889 2975 1046 3066 φιλόνομος
1060 2975 1078 3045 ἢ
1092 2974 1302 3065 φιλασφαλής;
1322 2982 1405 3046 ἥ-
1415 2976 1469 3041 οῦκ

375 3079 435 3150 οἷδ’
454 3084 471 3150 ὅ
487 3109 515 3148 τι
533 3092 640 3175 φῶ-
653 3083 683 3158 ἐς
702 3083 717 3146 δ
734 3083 894 3160 τοσοῦτους
912 3080 1027 3176 ἄνδρας
1046 3088 1098 3149 καί
1118 3084 1312 3160 τηλικούτους
1330 3083 1470 3177 ἐξαφανί-

374 3219 474 3271 σειας.
494 3174 647 3260 Ᾰπέθανον
933 3192 1037 3260 οἱλλέι10
1053 3195 1185 3283 πολέμου
1202 3197 1297 3283 νόμῳ.
1317 3173 1389 3262 fidet
1408 3198 1467 3288 γάρ

406 3430 415 3459 ¹
429 3430 552 3490 Fortasse,
566 3438 593 3482 τὸ
608 3433 646 3481 ἐπὶ
658 3441 691 3497 τῷ
707 3441 784 3498 κοινῷ.
933 3441 974 3491 ut,
989 3431 1048 3481 nrlse
1060 3433 1159 3492 relicta,
1174 3448 1249 3482 naves
1259 3434 1468 3493 conscenderent,

407 3509 418 3536 ⁸
429 3508 526 3560 Schola
537 3513 636 3576 ippstst'et
645 3512 691 3560 ἀπὸ
700 3511 904 3578 παραδείγματος.
934 3510 1033 3559 oraculo
1045 3518 1175 3575 parentes,
1191 3511 1258 3576 quod
1268 3512 1321 3575 lpse
1334 3511 1414 3562 luerat
1428 3513 1468 3561 ln-

405 3588 503 3638 ³Teste
520 3588 645 3638 Herodoto
663 3591 693 3647 θ,
714 3590 774 3646 too,
792 3587 905 3637 bsccdae-
935 3597 1095 3651 terpretatus,
1118 3588 1174 3637 vide
1198 3589 1354 3639 Plutarchum
1377 3590 1465 3641 Them.

373 3667 448 3717 monii
462 3682 512 3717 non
529 3675 662 3730 potuerunt
680 3682 767 3732 pugnae
786 3665 907 3716 Marathe·
937 3668 980 3727 103
994 3666 1100 3732 Polyaen.
1116 3667 1191 3717 Strat.
1206 3671 1232 3728 1,
1252 3669 1299 3728 30,
1315 3673 1336 3717 1.

373 3747 419 3796 niae
431 3747 564 3803 interesse,
577 3762 651 3811 quum
668 3747 735 3810 ipsos
748 3743 809 3794 urbe
821 3743 905 3808 egredi
967 3744 1086 3794 lschol:
1099 3747 1198 3813 ἐργασία
1213 3749 1454 3804 &rossolianense

372 3836 465 3877 vetaret
480 3826 521 3873 lex
537 3824 569 3874 dc
582 3825 725 3889 plenilunio.
740 3822 808 3884 Quod
823 3822 856 3871 sit
865 3837 907 3870 so·
969 3823 1136 3888 'Respexisse
1146 3824 1243 3874 videtur
1253 3824 1416 3890 Sophoclem,
1429 3825 1467 3874 cui

372 3904 603 3969 phistseomlegem
614 3899 906 3953 sLacodaemoniisfuisse
933 3906 1039 3969 ὁκαιρος
1058 3910 1145 3960 παντὸς
1163 3903 1231 3971 ἔργον
1250 3906 1377 3960 ἐπιστάτης
1389 3903 1468 3951 dictus

371 3982 528 4048 abrogatam,
541 3998 615 4047 quum
627 3981 679 4045 ejus
694 3980 831 4031 observatio
848 3978 907 4043 ipsis
934 3991 980 4030 est.
995 3980 1057 4030 Vide
1068 3997 1092 4046 p.
1110 3982 1139 4029 24
1150 4019 1157 4041 ‚
1170 3998 1196 4030 n.
1210 3987 1232 4030 l.

371 4060 434 4111 adeo
441 4059 667 4122 nocuisset‚nescio
675 4058 740 4110 undo
749 4058 906 4122 compererit.
966 4057 1061 4120 ⁸Cod.,
1078 4065 1172 4126 κρίνοις.

404 4151 569 4217 sssppffiemm
588 4159 681 4221 μακρᾶς
699 4162 736 4201 est
754 4152 907 4214 inexspecla.
967 4135 1084 4186 ⁰Schol.:
1105 4142 1119 4193 ἡ
1141 4145 1187 4187 τῶν
1210 4139 1355 4199 καλουμένων
1383 4141 1467 4204 κυρίων

371 4241 432 4281 tum.
448 4229 478 4281 ld
493 4229 592 4294 scripsit
607 4230 709 4281 lortssse
723 4245 754 4278 ex
772 4228 907 4280 imitatione
933 4218 1056 4278 simone.
1072 4213 1183 4263 F⁰fl³⁵⁸e
1196 4221 1302 4280 nospsos.

322 4339 324 4344 .
369 4308 476 4376 poetice.
576 4320 581 4329 ·
967 4293 1098 4343 ¹⁰Lacuna
1108 4291 1174 4342 vocis
1183 4292 1254 4341 nnius
1265 4302 1306 4341 sut
1318 4290 1417 4341 alterius
1428 4306 1467 4341 cs-

404 4373 503 4433 tcod„
527 4382 604 4438 μυεῖν.
630 4372 742 4423 Fortasse
762 4378 849 4437 μένειν.
871 4373 906 4424 lle
934 4390 989 4438 pax.
1005 4371 1134 4426 Fortasse:
1148 4374 1261 4423 ἀπέθανον
1275 4373 1465 4438 μίκίιπίθανον,

371 4452 536 4505 Themistocle
560 4451 749 4503 Atheniensibus
771 4451 905 4513 suadente,
934 4455 1003 4503 ἀλλὰ.
