3684 5659
454 599 523 667 140
789 607 824 665 Γ.
851 606 926 664 ΤΟΥ
950 601 1205 665 ΠΑΧΥΜΕΡΟΥΣ

455 740 516 824 ἔχω
537 732 630 824 μηδὲν
647 741 808 828 φροντίζων
831 745 890 802 τῶν
910 747 1076 829 πατρικῶν,
1098 737 1187 814 αὐτὸς
1205 738 1328 829 παρών·
1349 762 1366 796 (ι
1384 713 1472 826 ίίμην
1488 741 1556 816 υἱός

453 871 540 933 ποτε,
559 854 637 935 ἥμην
653 873 668 906 ν
687 848 805 939 ἑλεγον·
828 872 843 906 ν
859 853 908 912 νῦν
926 845 978 932 ὀέ,
1001 845 1092 925 δόξαν
1111 857 1154 934 τῷ
1171 853 1281 941 πατρί,
1303 848 1359 915 οὐκ
1380 852 1443 937 εἰμί
1458 876 1489 916 ν.
1505 885 1557 899 -

404 1010 407 1015 .
454 982 469 1014 r<
485 959 521 1021 Τί
533 952 568 1021 δέ
577 982 585 1035 ;
603 959 654 1022 καὶ
671 956 705 1022 οὐ
720 957 802 1045 μέλει
814 982 862 1022 σοι
875 981 891 1015 ν
904 953 957 1027 ἥθ’
972 957 1017 1040 ός,
1035 982 1051 1014 ι(
1064 966 1117 1032 τῆς
1129 954 1384 1049 άποκηρόξεωςν;
1404 995 1453 1008 -
1464 985 1481 1019 (ι
1493 965 1554 1027 Καὶ

454 1071 478 1132 εἰ
496 1067 578 1155 μέλει
594 1094 645 1156 μοι
661 1094 695 1146 ν,
715 1063 750 1137 ἦν
769 1064 798 1132 δ’
817 1068 894 1159 ἐγώ,
909 1093 925 1125 ι(
939 1070 969 1131 τί
984 1067 1071 1132 πλέον
1089 1064 1144 1143 ἔξω
1161 1074 1213 1132 τοῦ
1228 1070 1317 1156 μόνον
1332 1066 1507 1146 άναξαίνειν
1521 1074 1555 1138 τὸ

453 1180 567 1253 πάθος,
592 1180 644 1242 καί
670 1179 722 1247 την
744 1177 816 1264 ἐμὴν
837 1174 1028 1267 βλασφημεῖν
1054 1175 1165 1264 τόχην;
1192 1173 1261 1241 οὐδὲ
1282 1179 1341 1270 γάρ
1367 1186 1482 1269 εἴποιμι
1504 1183 1555 1248 τόν

453 1289 588 1381 πατέρα·
610 1287 686 1360 αὐτη
704 1291 764 1380 γὰρ
779 1287 851 1353 ’κατ’
871 1288 943 1375 ε’μού
962 1290 1014 1352 καί
1033 1288 1083 1351 τὸν
1105 1287 1224 1378 πατέρα
1243 1288 1379 1380 ἠρέθισεν
1395 1314 1426 1352 ν.
1449 1289 1555 1370 Οὐτως

456 1399 516 1490 ἐγὼ
533 1401 599 1489 περὶ
619 1401 653 1463 τό
672 1398 790 1486 σνμθόιν
807 1395 931 1463 ἐδόκουν
949 1397 1135 1489 ἀνάλγητος,
1156 1399 1197 1473 ὡς
1215 1400 1267 1464 καί
1289 1402 1394 1487 θαῦμα
1408 1402 1554 1493 παρέχειν

457 1517 521 1586 πῶς
537 1510 589 1575 καί
611 1508 701 1600 μέχρι
719 1508 810 1599 λόγον
826 1516 884 1572 τῶν
901 1515 1054 1598 πατρικῶν
1071 1507 1105 1572 οὐ
1123 1507 1238 1596 θέλοιμι
1256 1518 1421 1575 κοινωνεῖν.

507 1619 587 1695 Τέως
604 1622 645 1695 είς
669 1619 783 1710 ἡμέρας
801 1619 884 1692 τινὰς
906 1617 1044 1705 εὐμενοῦς
1064 1624 1116 1683 τοῦ
1138 1602 1327 1695 Ποσειδῶνος
1348 1624 1556 1712 τυγχάνοντος

456 1727 487 1807 ἐξ
511 1730 617 1822 οὐρίων
641 1727 807 1816 έπλέομενί.
836 1730 894 1793 Καὶ
920 1724 993 1816 ἦμεν
1020 1727 1147 1805 ἕκαστος
1170 1731 1204 1794 τὸ
1228 1729 1300 1794 καθ’
1324 1729 1433 1796 ἑαυτὸν
1458 1737 1555 1808 ζητῶν

456 1846 531 1926 πού,
550 1841 732 1932 προςχόντος
747 1843 799 1903 τοῦ
813 1838 936 1922 πλοίου,
956 1843 1134 1932 περαιωθείς
1150 1839 1273 1905 άπελθοε
1289 1841 1343 1912 τὴν
1362 1844 1553 1934 ἀναγκαίαν,

456 1953 489 2016 τό
507 1948 667 2042 πορθμίον’
684 1951 772 2037 μόνον
789 1948 1067 2037 καταθαλλόμενος.

505 2066 609 2127 Ταῦτα
627 2060 836 2147 σκοπουμένων
852 2063 950 2147 ἡμῶν,
970 2057 1107 2153 ἐξαίφνης
1121 2062 1300 2127 συνίσταται
1315 2062 1401 2152 νέφος
1416 2063 1488 2128 κατ’
1504 2064 1557 2129 οὐ·

457 2172 564 2264 ρανόν,
589 2174 647 2254 καὶι
661 2170 778 2257 λαῖλαψ
802 2170 937 2235 ἐκπίπτει
960 2167 1061 2256 δεινή,
1086 2174 1138 2237 καὶ
1166 2177 1248 2260 κῦμα
1271 2178 1391 2263 αίρεται
1412 2173 1552 2266 φοόερόν.

459 2281 514 2346 Σὺν
539 2277 568 2344 θ’
593 2273 688 2373 Εὖρός
710 2305 741 2344 τε
763 2280 857 2354 Νότος
875 2303 906 2342 τε
931 2278 1155 2366 σνμθάλλουσιν
1178 2280 1348 2368 ἐνταύτῷ,
1372 2285 1425 2347 καί
1444 2284 1556 2376 Βορέης

460 2391 670 2484 αἰθρηγενέτης
687 2390 767 2481 μέγα
785 2395 867 2477 κῦμα
884 2385 1043 2474 κυλίνδων,
1064 2391 1168 2482 ὀρώρει
1186 2385 1216 2454 θ’
1235 2390 1394 2482 οὐρανόθεν
1410 2390 1483 2475 νύξ,
1500 2397 1555 2460 καί

460 2505 604 2594 καταιγίς
617 2505 709 2594 οίργία
723 2503 860 2588 κυμαίνει
874 2500 927 2570 την
940 2497 1127 2564 θάλασσανθ.
1143 2501 1215 2565 Τότε
1231 2497 1269 2571 θη
1282 2503 1349 2566 τότε
1363 2502 1442 2568 ὅπλα
1455 2507 1557 2570 πάντα

460 2616 533 2690 νεὼς
554 2616 605 2679 καί
630 2614 735 2704 λαῖφος
758 2615 809 2677 καί
829 2613 959 2703 πρότονα
975 2605 1085 2682 ἥττονα
1102 2617 1173 2676 ὀντα
1189 2621 1242 2688 τῆς
1258 2609 1441 2705 καταιγίθος
1457 2613 1557 2707 ἠλέγ-

461 2741 570 2813 χοντο·
591 2727 643 2788 καί
666 2722 771 2810 τὸμὲν
792 2722 970 2814 ἐρρήσσετο,
994 2725 1033 2786 τά
1054 2719 1084 2786 θ’
1102 2722 1273 2811 ἐτέμνοντο,
1292 2726 1331 2788 τά
1348 2721 1383 2789 δὲ
1400 2734 1454 2802 τῆς
1470 2726 1558 2804 νηὸςι

462 2833 648 2898 άπολνθέντα
662 2837 758 2919 μάτην
772 2833 918 2923 ἐφέροντο.
939 2814 964 2897 ὁ
980 2829 1008 2896 θ’
1025 2833 1071 2898 ε’πί
1086 2843 1144 2899 τῶν
1161 2838 1272 2899 οἰάκων
1286 2834 1411 2928 φοόερόν
1425 2832 1488 2902 οἷον
1502 2841 1556 2904 καὶ

463 2942 598 3033 λαμπρόν
626 2940 821 3035 ε’ξετραγῴόει
849 2944 898 3006 τὸν
924 2939 1077 3028 κίνδυνον,
1103 2947 1155 3008 καὶ
1182 2954 1298 3035 πρῶτος
1324 2955 1378 3022 τῆς
1405 2953 1559 3040 σωτηρίας

465 3053 555 3129 αὐτὸς
579 3053 745 3144 ἀπογνούς,
772 3051 877 3132 βάλλει
897 3056 986 3119 ,κατὰ
1012 3055 1168 3130 θαλάσσης
1193 3054 1301 3139 αὐτόν,
1331 3058 1559 3151 ἀσφαλέστερον

464 3167 567 3253 κρίνας
589 3165 622 3229 τό
646 3164 690 3229 ἐπί
710 3173 822 3254 γυμνῆς
843 3174 896 3239 τῆς
914 3165 1071 3240 θαλάσσης
1089 3165 1171 3230 πλεῖν
1187 3167 1206 3237 ἢ
1224 3165 1270 3231 ἐπ’
1287 3167 1401 3244 ε’κείνης
1417 3179 1471 3245 τῆς
1489 3169 1560 3236 ὅσον

465 3276 546 3339 οὐπω
568 3274 754 3365 ὑποθρνχίου
777 3275 976 3366 γενησομένης
1000 3277 1085 3351 νηός·
1111 3275 1176 3363 μετ’
1195 3276 1304 3341 ἐκεῖνον
1327 3273 1357 3341 θ’
1375 3278 1485 3366 σίλλος,
1504 3284 1559 3345 καὶ

500 3482 589 3544 ¹Quod
602 3481 836 3548 hicocnsuproprio
848 3481 996 3541 dictumest,
1025 3498 1077 3531 rum
1094 3487 1156 3545 μέγα
1175 3493 1200 3531 et
1216 3489 1287 3546 μετά.
1305 3483 1356 3532 Sed
1380 3485 1474 3549 scripto
1498 3491 1562 3550 μετά

466 3565 530 3611 πλεῖν
544 3564 567 3621 ἐξ
578 3561 660 3629 οὐρίαν
671 3561 708 3611 rei
724 3564 748 3622 ἐξ
760 3561 851 3629 οὐρίας,
867 3575 932 3624 saepe
941 3575 998 3608 me·
1024 3560 1180 3610 scribendum
1195 3561 1280 3610 fuisset
1294 3572 1319 3611 et
1332 3563 1452 3612 κνλινδῶν.
1468 3563 1563 3614 Home·

466 3639 593 3702 taphorice
605 3650 745 3704 usurpatum
759 3639 876 3688 illustravi
891 3637 922 3686 ad
936 3638 999 3686 Cho·
1025 3639 1068 3687 rici
1082 3639 1129 3688 ioci
1142 3641 1252 3689 meminit
1262 3649 1286 3689 et
1299 3641 1360 3691 Hist.
1374 3641 1450 3691 Mich.
1461 3643 1561 3693 Palaeol.

466 3717 567 3777 tioium,
579 3733 623 3780 pp.
640 3719 685 3776 89,
702 3719 759 3766 242.
1027 3718 1056 3775 5,
1068 3719 1095 3765 21
1111 3737 1117 3765 ε
1129 3725 1168 3766 καὶ
1181 3723 1219 3776 νὺξ
1230 3726 1273 3782 μὲν
1284 3719 1323 3768 οὐκ
1334 3720 1457 3787 οὐρανόθεν
1468 3722 1563 3790 ὀρώρει,

499 3792 509 3818 ¹
523 3794 650 3862 Ptaestatet
663 3795 783 3858 scriptura
797 3799 932 3862 πορθμεῖον.
1026 3795 1076 3844 ἀλλ’
1090 3795 1116 3852 ἦν
1129 3806 1181 3852 ταῖς
1196 3799 1315 3854 ἀληθείαις
1326 3802 1365 3856 νὺξ
1379 3804 1393 3854 ἡ
1405 3805 1461 3849 σκιὰ
1471 3811 1511 3863 γῆς
1522 3807 1563 3848 καὶ

501 3871 510 3896 ³
522 3870 653 3920 Homerum
662 3873 713 3920 fere
722 3871 838 3922 describit
847 3872 893 3922 Od.
904 3873 997 3933 5394:
1026 3878 1163 3931 συνήθης...

467 3954 549 4018 ὀρώρει
561 3951 582 4000 δ’
596 3950 716 4018 οὐρανόθεν
728 3954 781 4010 νίιξ,
797 3957 838 4000 Σύν
854 3953 875 4000 δ’
891 3943 963 4019 Εὐρός
974 3973 1000 4003 τε
1060 3950 1070 3976 ⁴
1083 3951 1181 4013 Codex,
1196 3963 1263 4008 νηῶς.
1279 3952 1371 4017 Scripsi
1387 3959 1451 4012 νηός,
1464 3957 1564 4020 potuis-

467 4034 540 4086 Νότος
553 4032 574 4078 τ’
589 4029 669 4087 ἔπεσε,
688 4033 785 4098 Ζέφυρός
802 4050 827 4080 τε
843 4031 938 4090 δνςαής,
951 4038 1000 4081 Καί
1026 4045 1077 4080 sem
1094 4040 1118 4078 et
1135 4038 1189 4087 νεώς
1202 4031 1320 4080 scribere.
1335 4032 1389 4081 Non
1406 4032 1451 4082 sibi
1466 4046 1564 4085 constat

467 4115 551 4176 Βορέης
573 4111 751 4176 αἰθρηγενέτης,
765 4115 827 4173 μέγα
846 4116 907 4174 κῦμα
923 4115 999 4160 ›rottr-
1026 4109 1136 4173 sophista
1144 4109 1183 4158 vei
1192 4109 1306 4159 librarius
1316 4111 1340 4159 in
1350 4110 1463 4161 flexione.
1474 4112 1564 4164 Forma

470 4188 523 4237 ὐων.
537 4187 634 4245 Codex,
652 4191 826 4256 αἱθριγενίτης,
840 4199 865 4238 et
879 4197 942 4254 μετά
956 4205 1000 4254 pro
1027 4192 1078 4244 νηός
1087 4203 1144 4237 mox
1156 4186 1356 4253 redibitsaepius‚
1370 4200 1395 4238 et
1409 4200 1447 4239 est
1457 4189 1499 4239 ubi
1510 4191 1564 4256 ipse

468 4273 537 4326 μέγα.
550 4266 601 4314 Ηυσ
615 4275 711 4329 poterat
721 4268 811 4316 serrari
822 4268 933 4333 quidem;
944 4283 1000 4315 nam
1027 4263 1155 4325 librarius,
1175 4265 1266 4330 scripto
1288 4273 1360 4323 νηώς.
1379 4265 1434 4331 ipse
1456 4267 1564 4318 litteram

470 4344 493 4390 in
507 4342 562 4390 loco
579 4345 721 4394 memoriter
737 4346 842 4410 allegato
855 4348 1000 4395 mutationes
1027 4344 1146 4393 minorem
1155 4344 1287 4408 rescripsit.
1303 4344 1343 4394 Sic
1357 4345 1458 4395 fluctuat
1470 4348 1494 4396 in
1505 4348 1565 4397 scri-

470 4435 534 4483 saepc
547 4422 616 4481 tium,
628 4433 652 4470 et
663 4423 739 4472 facilis
750 4424 858 4475 confusio
869 4422 1001 4473 vocabulo·
1026 4422 1108 4472 bondo
1122 4434 1180 4479 νηῶν
1192 4434 1254 4473 νεῶν.
1269 4423 1330 4473 Vide
1344 4439 1369 4488 p.
1384 4423 1429 4485 tt,
1446 4441 1471 4473 n.
1488 4425 1512 4473 ὀ.
