3684 5659
375 604 444 676 196
709 609 846 669 [Tor
872 604 1129 668 ΠΑΧΥΜΕΡΟΥΣ

420 722 591 834 Ημαρτεν’
574 769 593 813 η
611 741 736 831 ἑταίρα,
758 742 796 804 τόι
814 742 930 833 χρυσία
946 739 1124 870 φορέσασα;
1143 741 1210 804 τίνα
1227 741 1280 804 καὶ
1302 740 1401 811 πόοηυ
1420 741 1468 811 τὴν

373 858 455 945 ἁμαρ
439 856 541 945 ρτιαν;
561 830 635 935 ὅτι,
656 853 757 943 φησίν,
778 850 1042 939 άπηναισχύντησε
1063 851 1136 981 πρὸς
1153 852 1290 928 πάντας,
1310 855 1468 944 πεπαρρη-

372 972 517 1043 σίασται,
542 963 805 1046 κεκαλλώπισται,
828 961 989 1050 τέθραπται
1006 970 1069 1036 τοῖς
1088 961 1209 1051 όρώσιν.
1234 960 1300 1025 Οῦκ
1324 957 1390 1025 οἶδε
1414 968 1468 1026 ποῦ

372 1082 484 1168 χοροῦ,
512 1082 607 1140 είτουν
631 1070 746 1157 άξίας“,
771 1075 871 1137 τάττει
895 1072 1006 1144 ταύτην
1030 1074 1045 1136 6
1068 1074 1174 1159 νόμος·
1200 1071 1234 1136 οῦ
1255 1074 1316 1163 γάρ
1339 1080 1393 1146 τῆς
1414 1098 1467 1159 με·

367 1189 476 1278 ,γίσιης
500 1188 552 1251 καί
579 1180 614 1260 ἧς
639 1185 669 1248 αἱ
692 1183 783 1248 άλλαι
802 1182 997 1270 μετέχουσιν·
1018 1183 1097 1247 ἀλλά
1114 1207 1172 1277 που
1190 1181 1344 1272 παραῦῦει
1361 1182 1469 1256 ταύτην

372 1300 424 1361 καί
450 1305 503 1372 τη”ς
525 1295 658 1384 ἐσχάτης
682 1292 761 1369 ἀξιοῖ
784 1295 910 1386 μοίρας,
935 1295 987 1358 καὶ
1009 1295 1282 1384 ἀπαρρησιάστου,
1302 1294 1355 1357 καί
1379 1290 1468 1379 μηδὲν

374 1406 503 1495 ε’χοῦοης
520 1407 662 1534 άγάλλειν
679 1407 728 1470 τόν
748 1404 809 1469 ἐκεῖ
825 1405 1019 1534 ταττόμενον.
1038 1401 1118 1475 Αῦτη
1137 1400 1171 1468 θέ
1189 1403 1340 1469 ἀλλὰκαὶ
1361 1405 1467 1493 σεμνῦ-

373 1542 455 1583 νεται
476 1517 656 1608 φαινομένη,
678 1518 729 1581 καὶ
755 1517 890 1607 χρυσίων
910 1513 975 1579 ε’πιθ
978 1515 1059 1579 εὀεσι
1081 1515 1322 1590 καλλωπίζεται.
1342 1506 1467 1590 Οῦτοςό

373 1630 482 1720 τρόπος
497 1637 550 1703 τῆς
563 1629 688 1718 πόρνης
710 1623 786 1697 αῦτη
799 1634 852 1700 τῆς
867 1624 1070 1689 ἀκολάστου
1053 1651 1072 1696 η
1088 1627 1243 1716 ἁμαρτία·
1262 1629 1352 1690 τοῦτο
1370 1626 1404 1690 τὸ
1419 1635 1468 1702 τῆς

373 1739 497 1830 ἑταίρας
518 1737 737 1825 πλαμμέλημα.
764 1717 873 1823 Ᾰμέλει
896 1759 943 1800 τοι
965 1761 1017 1799 και
1043 1735 1165 1810 κολάζει
1187 1734 1301 1805 ταύτην
1327 1736 1342 1799 6
1367 1737 1466 1823 νόμος.

374 1851 448 1913 Τίνα
468 1849 521 1918 τὴν
537 1843 741 1917 καταθίκην’
729 1848 823 1912 επιτιθ
826 1847 888 1924 είη;
911 1840 974 1937 άρα
990 1846 1042 1916 τὴν
1059 1847 1204 1936 μεγίστην
1220 1847 1272 1910 καί
1292 1847 1469 1938 ἀπαραίτη-

378 1982 447 2036 τον;
465 1953 502 2028 6²
518 1960 637 2032 πάντως
654 1958 736 2021 κατὰ
753 1956 841 2046 λόγον
857 1961 910 2021 τοῦ
927 1955 1196 2043 πλημμελήματος

424 2068 496 2158 Εγὼ
513 2065 565 2153 μέν
582 2063 667 2153 οἶμαι
691 2068 731 2141 ὡς
753 2067 856 2137 ἱκανὴν
879 2069 1025 2158 τιμωρίαν
1047 2092 1062 2130 ο
1052 2065 1279 2154 ’νομοθέτης’
1262 2068 1404 2157 ηγήσατο
1420 2067 1469 2138 τὴν

375 2186 434 2243 τῶν
447 2179 581 2305 χρυσίων
596 2178 766 2268 ἀφαίρεσιν.
785 2156 842 2268 Εφ’
858 2171 903 2252 οἷς
915 2178 975 2309 γάρ
989 2175 1084 2247 ἐκείνη
1097 2175 1176 2267 μέγα
1189 2176 1363 2269 ε’φρόνησεν,
1381 2181 1469 2311 άφριι·

376 2287 503 2378 ρουμένη
516 2292 627 2371 ταῦτα,
642 2290 913 2366 ταπεινωθήσεται,
926 2287 977 2350 καί
991 2287 1079 2356 ίκανη
1066 2285 1183 2374 ζημία
1192 2287 1356 2377 προςέσται
1369 2289 1468 2380 ἀπόρῳ

376 2397 518 2490 γενομένη
542 2394 572 2472 ἐξ
598 2397 724 2489 εὐπόρου
753 2394 910 2488 ἐξαίφνης,
940 2399 992 2462 καὶ
1021 2395 1086 2488 ὥρᾳ
1112 2407 1169 2484 μιᾷ
1196 2397 1397 2490 ἀποθαλοῦοη
1422 2400 1470 2465 τόν

377 2508 520 2591 πλοῦτον,
548 2507 579 2573 ὃν
606 2518 729 2597 συχνοῖς
753 2504 792 2579 66
818 2516 880 2582 τοῖς
905 2507 1025 2599 χρόνοις
1046 2507 1079 2571 ε”κ
1100 2515 1248 2597 πορνικών
1269 2512 1470 2597 μισθωμάτων

378 2616 545 2694 συνέλεξεν·
570 2618 670 2707 όμοιου
695 2621 735 2695 ὡς
758 2620 794 2683 άν
814 2625 905 2693 εἴτις
926 2620 1026 2682 πάντα
1042 2617 1092 2681 τὸν
1108 2616 1235 2683 πλοῦτον
1254 2621 1403 2712 ἀθροίσας
1420 2622 1471 2685 καί

379 2729 425 2796 ἐπὶ
443 2730 512 2805 νηός
527 2730 746 2818 καταθέμενος,
767 2727 850 2814 εἶτα,
869 2729 971 2817 τυχὼν
988 2736 1042 2804 τῆς
1059 2727 1217 2804 θαλάσσης
1237 2729 1293 2795 οῦκ
1313 2728 1469 2817 εὐμενοῦς,

379 2839 474 2927 μόλις
481 2840 571 2915 αὐτὸς
589 2839 687 2911 ἐσώθη
706 2838 868 2904 άποθαλὼν
887 2839 1023 2903 άπαντα.

429 2973 445 3007 ι(
460 2949 591 3014 Γενέσθω
618 2952 746 3013 τοίνυν»
763 2951 851 3039 φησὶν
878 2950 892 3013 6
917 2949 968 3013 τόν
990 2950 1078 3036 νόμον
1104 2949 1244 3040 γράψας,
1270 2952 1325 3021 «6
1351 2953 1473 3041 εὔπορος

379 3067 509 3151 ἄπορος,
525 3062 577 3124 καί
593 3062 612 3131 6
627 3060 668 3147 μη
680 3069 723 3147 τῷ
735 3059 853 3146 πλούτῳ
869 3056 970 3124 είθυῖα
987 3063 1121 3150 χρῆσθαι
1135 3059 1256 3146 καλῶς,
1274 3061 1475 3126 ἀποῦαλοῦσα

381 3171 626 3263 σωφρονιζέσθω,
648 3172 697 3236 ἵνα
720 3179 778 3235 τῶν
797 3179 850 3246 τῆς
869 3174 973 3246 πενίας
992 3170 1123 3235 ἐντεῦθεν
1147 3166 1251 3236 δεινῶν
1272 3176 1472 3264 πειραθεῖσά,

380 3289 416 3354 ἥν
434 3307 491 3347 που
507 3284 560 3346 καί
578 3282 667 3346 πάλιν
687 3281 825 3370 συμπέσρ
845 3284 877 3346 τό
897 3285 1032 3372 εὔπορον,
1058 3285 1123 3371 ἔχοι
1144 3284 1177 3346 τὸ
1197 3279 1356 3370 παίδευμα
1374 3284 1476 3348 ἱκανὸν

382 3395 421 3469 ὡς
438 3395 596 3479 παθοῦσα,
616 3395 668 3457 καί
689 3394 729 3468 ὡς
745 3394 896 3485 σφαλερὰν
921 3395 973 3463 την
997 3393 1102 3483 θρύψιν
1119 3393 1311 3484 φυλάττοιτο.
1331 3400 1426 3459 Τοῦτο
1442 3395 1476 3458 τὸ

380 3506 540 3596 πρόςτιμον
564 3505 616 3569 καὶ
642 3503 753 3574 ταύτην
779 3506 974 3595 σωφρονίσει,
1001 3505 1034 3568 τό
1061 3503 1114 3568 ἀπ’
1139 3504 1251 3568 ἐκείνου
1277 3506 1319 3591 μὴ
1345 3509 1478 3593 ἔχουσαν

382 3615 644 3695 καλλωπίζεσθαι,
662 3618 713 3680 καί
730 3625 798 3690 ταῖς
813 3614 921 3689 άλλαις
939 3614 1029 3705 φόθον
1044 3614 1167 3679 ε’νσείσει
1182 3615 1233 3678 τόν
1250 3615 1411 3707 μέγιστον,
1432 3618 1476 3698 εἰ,

382 3733 493 3813 μικράς
517 3723 648 3813 τέρψεως
673 3727 775 3816 χάριν,
803 3724 869 3788 όλον
893 3723 1045 3788 άποθάλοι
1065 3726 1116 3789 τὸν
1139 3725 1284 3801 πλοῦτον,
1313 3718 1338 3811 ᾦ
1362 3721 1402 3795 66
1425 3726 1477 3788 καί

382 3835 461 3922 μόνῳ
478 3836 563 3925 παρά
581 3838 635 3910 τὰς
656 3835 768 3909 πολλὰς
790 3835 975 3922 ἐνησμένιζεν
992 3861 1021 3900 ν.
1041 3833 1121 3907 Αὕτη
1140 3839 1158 3907 6
1178 3844 1229 3910 της
1247 3837 1358 3927 πόρνης
1375 3861 1478 3900 κατα-

383 3941 472 4030 δίκη,
492 3951 578 4010 τοῦτο
595 3946 628 4010 τό
646 3951 698 4010 τοῦ
717 3946 875 4033 νομοθέτου
895 3943 1048 4034 βούλημα.

432 4053 539 4132 Εἰκὸς8
556 4057 615 4148 γάρ
632 4052 667 4128 66
684 4055 794 4121 ἐκεῖνον
807 4058 858 4120 καί
875 4052 1059 4146 διαγνῶναι,
1078 4057 1168 4146 σοφόν
1183 4081 1217 4146 γε
1237 4062 1326 4139 ὄντα,
1348 4057 1389 4132 ὡς
1405 4057 1479 4146 γννλ

384 4165 574 4250 ἐκείνη,>καί
599 4170 663 4260 περί
688 4168 767 4233 άλλα
790 4170 842 4239 την
863 4167 976 4256 σχολὴν
1001 4173 1140 4257 άγουσα,
1166 4168 1217 4232 καί
1242 4169 1283 4243 ὡς
1301 4170 1476 4258 ἀγνοοῦσα,

419 4348 426 4373 ⁴
441 4348 502 4397 God.
518 4353 560 4399 εἴτ’
575 4348 622 4400 οὖν.
635 4351 695 4402 Vide
709 4368 735 4415 p.
751 4353 805 4399 149.
977 4346 1095 4397 ³Schol.:
1108 4351 1221 4408 ἀντίθεσις
1233 4359 1408 4415 τυγχνωμονικὴ
1421 4350 1480 4418 ὑπὲρ

422 4425 537 4490 'Codex‚
552 4435 575 4484 η’.
944 4437 984 4482 τῆς
998 4430 1091 4490 πόρνης.
