3684 5659
373 598 443 669 492
707 604 741 662 Γ.
770 602 844 662 ΤΟΥ
870 598 1126 662 ΠΑΧΥΜΕΡΟΥΣ

371 739 553 830 ρασκευάζει
581 733 650 810 τοὺς
678 733 711 799 ἐκ
738 734 853 826 ρύσεως
882 728 1054 821 κηδεμόνας
1078 741 1132 808 τῆς
1155 734 1266 824 κόρης,
1294 735 1371 818 καί,
1402 738 1467 826 πρὶν

372 847 467 937 ἐκείνη
492 845 612 912 τελέσαι
633 843 701 921 τούς
718 848 836 936 γάμους
853 840 973 930 άξίους,
993 844 1027 908 τὸ
1046 839 1132 928 βιοῦν
1148 841 1400 942 ἕκμητρήσαντας
1415 856 1466 910 ’τε-

372 958 513 1029 λεσθῆναι
529 965 572 1044 τῷ
591 955 754 1021 Πλούτωνι.
775 957 866 1032 Εἰκὸς
887 952 916 1020 δ’
937 950 972 1026 ἦν
994 957 1047 1019 καί
1072 956 1320 1046 ἀνεπιτρόπευτον
1344 955 1467 1028 ἓαθὴναι

371 1068 424 1138 την
452 1069 580 1160 ὀρφανόν
588 1115 598 1152 ,
628 1073 686 1132 εἴτε
715 1072 768 1132 τοῦ
794 1069 924 1131 θανάτου
950 1063 1088 1156 ἐξαίφνης
1114 1064 1306 1154 συμθάντος,
1335 1074 1396 1133 εἴτε
1415 1069 1465 1133 καί

372 1181 475 1254 πενίας
492 1177 643 1261 ὑπούσης,
666 1174 696 1253 ἐξ
712 1172 748 1253 ἧς
764 1179 803 1269 τά
819 1175 917 1242 πολλοὶ
934 1178 1017 1241 κακὰ
1034 1178 1164 1267 γίνεται.
1185 1181 1275 1252 Ποῖος
1293 1179 1354 1270 γάρ
1373 1177 1469 1243 ἐντεῦ-

374 1291 420 1352 θεν
438 1288 457 1360 ἢ
474 1288 620 1379 συγγενὴς
640 1287 659 1356 ἢ
680 1287 764 1379 ρίλος
780 1287 913 1378 προύστη
930 1295 983 1362 της
1003 1288 1094 1378 κόρης
1110 1293 1161 1371 άν,
1180 1286 1233 1352 καί
1253 1295 1308 1364 τῆς
1325 1289 1468 1379 ὠφελείας

373 1399 450 1489 αὐτῇ
466 1398 692 1490 προύνοήσατος
712 1401 737 1462 εἰ
755 1399 814 1490 γάρ
831 1397 966 1485 πλουσίῳ
983 1397 1062 1488 φίλοι
1080 1396 1206 1482 πολλοί,
1225 1397 1267 1473 ὡς
1283 1399 1303 1469 ἡ
1319 1401 1468 1491 παροιμία

372 1510 463 1601 ρησί,
482 1517 526 1597 τῷ
542 1507 644 1581 πένητι
662 1510 781 1583 πάντως
800 1503 928 1582 οὐδείς’.

422 1600 544 1711 Ερημην
565 1614 595 1682 δ’
616 1611 710 1684 οὖσαν
734 1626 792 1682 τῶν
815 1612 1002 1704 κηδεμόνων,
1022 1618 1052 1681 τί
1067 1611 1189 1710 πράξειν
1207 1617 1288 1694 εἰκὸς
1304 1613 1341 1691 ἦν
1361 1618 1466 1704 αὐτόν,

374 1731 399 1793 εἰ
421 1731 462 1816 μή
484 1727 516 1821 χ’
535 1728 634 1794 ὁπόσα
655 1725 818 1819 βδελυρίας
840 1729 893 1792 καὶ
917 1730 1030 1804 κακίας
1046 1723 1125 1799 ἦσαν
1141 1730 1255 1819 καρποί
1264 1749 1272 1811 ;
1291 1731 1396 1806 νεότης
1411 1733 1468 1824 γάρ

374 1839 564 1928 ἀχαλίνωτος
574 1884 584 1918 ,
603 1841 655 1904 καί
674 1838 787 1926 μᾶλλον
804 1837 849 1903 ἐπὶ
867 1838 1063 1931 θηλυτέραις,
1083 1832 1134 1915 αἷς
1152 1834 1191 1908 δὴ
1204 1840 1257 1904 καί
1273 1840 1386 1907 πλείων
1402 1840 1468 1908 ’όσον

373 1953 426 2015 καὶ
449 1953 530 2040 ῥᾴων
551 1950 567 2014 ό
590 1945 743 2035 κίνδυνος,
768 1950 809 2025 ὡς
830 1958 947 2042 σφαῖρα
968 1948 1123 2036 κινουμένη
1147 1950 1228 2014 κατὰ
1250 1946 1413 2041 πρανοῡς’.
1431 1953 1468 2017 Τὸ

374 2055 405 2125 δ’
426 2057 509 2135 οίπαξ
531 2062 643 2136 κακίας
663 2055 849 2146 δραξάμενον
872 2058 1008 2148 ἐπισχεῖν
1030 2060 1177 2149 μετρίως,
1200 2057 1303 2147 ὅμοιον
1320 2063 1373 2126 καί
1393 2062 1430 2127 άν
1445 2065 1468 2127 εί

373 2175 431 2261 πῦρ
448 2169 559 2261 λάθρον
578 2167 650 2246 ύλης
668 2166 854 2261 δραξάμενον
879 2168 1026 2234 σθεννύειν
1043 2169 1208 2263 ἐπιχειροίη
1230 2195 1290 2247 τις.
1309 2171 1468 2239 Συνέπεσιν

375 2274 453 2343 ούτω
468 2288 505 2369 τῇ
521 2280 574 2365 νέᾳ
591 2282 630 2346 τόι
646 2282 727 2345 κατόι
743 2281 794 2344 τόν
812 2276 892 2365 βίον,
911 2281 964 2345 καί
983 2281 1096 2355 κακίας
1112 2274 1224 2366 ἧπται,
1243 2275 1358 2372 ῥᾳδίας
1377 2279 1465 2349 ὁδοῦ·

375 2393 427 2456 καὶ
450 2418 470 2463 η
491 2391 565 2468 τέως
590 2391 923 2480 θαλαμηπολουμένη’
904 2390 1036 2483 αρρένων
1052 2390 1137 2478 όψεις
1157 2388 1278 2521 θαρρεῖθ
1280 2440 1290 2478 ,
1313 2395 1367 2459 καί
1392 2397 1469 2462 ακο-

375 2502 524 2567 λάστων”
508 2527 623 2590 ομμασι
638 2499 774 2568 δίδοται.
792 2504 957 2566 Κάντευθεν
978 2494 1134 2593 (φύσει
1097 2527 1157 2593 γαρ
1174 2502 1301 2596 εύχερης
1317 2499 1469 2617 ἡκακία)

375 2621 418 2699 τῷ
435 2614 598 2705 πρώτωςα
578 2615 679 2679 ἁλόντι
695 2620 748 2679 τοῦ
765 2611 947 2719 κάλλρυς
913 2621 1007 2688 αυτης
1026 2611 1242 2705 ἑπιρρίψασα“
1230 2618 1353 2694 εαυτήν,
1373 2597 1469 2709 Ᾰρρο-

376 2678 481 2813 δίτῃο
467 2725 601 2815 ὀργιάζει
623 2750 675 2788 και
699 2728 811 2814 Ερωτι.
831 2699 958 2786 IlaOea'
940 2732 1135 2811 αναισχυντεῑ
1151 2725 1203 2788 καί
1223 2725 1384 2863 μεταφέρει
1400 2726 1471 2819 πρὸς

376 2832 487 2907 ἄλλους
509 2857 578 2907 τους
603 2836 734 2923 ἔρωτας,
760 2834 812 2896 καὶ
837 2839 891 2906 τῆς
915 2835 1079 2920 αἰσχίστης
1102 2832 1250 2924 ἐργασίας
1271 2838 1468 2926 προΐσταται.

376 2945 435 3006 Καὶ
463 2939 501 3012 δίη
526 2941 632 3033 ἑταίρα
658 2941 710 3029 μὲν
735 2943 873 3034 λέγεται,
901 2945 957 3017 τὰς
981 2939 1014 3007 δὲ
1038 2946 1123 3037 παρὰ
1146 2953 1204 3009 τῶν
1227 2947 1326 3034 νόμων
1350 2947 1471 3024 εὐθύνας

376 3051 503 3143 ὑπέχει,
523 3054 564 3141 μη
581 3054 633 3124 τὴν
656 3052 748 3123 αὐτὴν
767 3063 836 3128 ταῖς
856 3052 965 3129 άλλαις
987 3056 1075 3142 τιμὴν
1093 3060 1227 3144 ἔχουσα,
1246 3058 1470 3148 άπελαυνομένη

410 3320 473 3369 ¹Est
485 3319 640 3386 proverbium
655 3329 782 3370 metricum
794 3321 888 3370 256
868 3342 908 3370 ε·υ
935 3326 997 3382 λίαν,
1011 3320 1049 3382 Ως
1066 3336 1112 3375 τῶν
1131 3329 1231 3391 ἐχόντων
1249 3337 1337 3389 πάντες
1352 3334 1469 3422 ρ’ίνθρωποι

377 3407 450 3465 τυχίοι
481 3404 612 3468 πολύριλος.
645 3400 680 3450 lbi
719 3411 790 3460 nota;
818 3401 907 3450 collato
936 3406 974 3470 ρι
971 3421 1007 3451 οι
1018 3403 1124 3454 loannes
1141 3407 1229 3472 Chrys
1243 3407 1310 3459 sub
1305 3423 1401 3461 initium
1416 3428 1469 3462 ora

377 3478 477 3528 Frasmo
492 3479 601 3543 Adagio
595 3478 847 3528 «Felieitismultos
862 3480 907 3529 ha
936 3492 1009 3532 tionis
1022 3499 1068 3548 pro
1085 3484 1217 3550 Eutropio,
1233 3503 1306 3553 quem
1323 3506 1420 3540 summo
1432 3491 1469 3541 la

377 3556 419 3606 bet
435 3558 563 3617 amicos»,
577 3559 605 3614 3,
617 3559 646 3618 5,
658 3558 687 3618 4,
701 3569 725 3606 et
737 3559 802 3606 alio
818 3557 909 3606 «Feli-
935 3577 1005 3625 psum
1019 3565 1187 3628 prosperitatis
1197 3565 1303 3615 eulmine
1312 3567 1470 3619 deserueram

377 3635 441 3684 cium
452 3636 519 3684 mulli
533 3647 664 3699 cognati»
677 3638 702 3698 3,
717 3640 740 3698 1,
752 3638 791 3686 88.
804 3637 839 3686 lbi
850 3637 908 3685 oilat
936 3653 1026 3703 perjuri
1041 3655 1111 3690 amlcl
1124 3657 1153 3692 ac
1170 3643 1266 3693 dolosi.
1260 3664 1326 3695 που
1339 3666 1378 3697 νυν
1394 3652 1416 3696 οι
1429 3667 1470 3697 πε·

377 3723 514 3777 opportune
524 3729 628 3777 graecum
647 3716 829 3765 versiculum
799 3719 908 3779 ,ημόλις
935 3721 1028 3782 πλασμ
1029 3738 1063 3768 νοι
1081 3724 1119 3787 ρι’).
1115 3739 1156 3778 .;οι
1173 3729 1218 3771 ποῦ
1238 3726 1314 3772 ὁτῶν
1334 3733 1470 3794 παρασίτων

377 3792 446 3853 ἔγνως
458 3793 548 3840 Τοῦτ’
537 3811 603 3849 επις,
616 3813 646 3848 ως
657 3795 731 3850 ουοεις
747 3794 839 3842 οὐδὲν
828 3813 907 3857 εχοντι
935 3796 1016 3859 ἐσμόςς
1029 3796 1067 3846 Cl.
1088 3813 1113 3848 ιι.
1135 3798 1166 3847 ad
1188 3798 1344 3861 Choricium,
1363 3819 1391 3868 p.
1413 3805 1468 3854 294.

377 3874 454 3939 ρι’λος,
474 3869 593 3928 Platonis,
616 3871 708 3934 inquit,
730 3871 755 3920 in
777 3871 907 3936 Epigrom-
937 3876 1031 3925 Addam
1054 3875 1186 3965 diligentiae
1213 3896 1287 3929 causa
1310 3881 1336 3930 in
1362 3883 1470 3948 margine

377 3959 450 3998 mate.
468 3947 516 3996 Sed
534 3947 633 3997 fallebat
644 3963 699 3997 oum
714 3951 839 3998 memoria
853 3951 908 3999 'lri-
935 3953 1028 4004 codicis
1041 3970 1055 4004 e
1067 3971 1168 4020 regione
1177 3972 1229 4021 ejus
1237 3970 1365 4010 sententiae
1375 3961 1470 4012 adscri-

377 4027 496 4077 buebatur
516 4025 609 4075 Erasini
626 4037 696 4075 aetate
717 4027 742 4076 id
760 4028 908 4093 epigramma
936 4041 1004 4097 ptum
1014 4048 1067 4082 esse
1081 4033 1200 4084 scholium
1210 4034 1394 4099 brevissimum
1406 4054 1469 4089 nunc

377 4106 535 4165 Philodamo,
548 4122 612 4155 nunc
625 4106 672 4155 lide
684 4105 792 4155 Vaticani
803 4107 878 4158 libri
872 4125 909 4157 111-
937 4110 1064 4160 evanidum
1077 4111 1139 4161 adeo
1151 4122 1178 4162 ut
1191 4113 1238 4178 logi
1250 4125 1366 4181 nequeat,

377 4185 472 4234 venitur
481 4183 556 4233 Anih.
567 4186 592 4243 5,
605 4188 659 4246 113,
671 4186 716 4235 suh
726 4186 824 4236 nomine
835 4187 908 4238 lllarci
970 4187 979 4212 ²
990 4189 1204 4252 Comparationem
1215 4192 1279 4243 hanc
1293 4194 1391 4259 spherae
1403 4197 1470 4246 deor·

378 4263 528 4325 Argentarii,
541 4263 571 4312 ad
589 4280 660 4329 quem
677 4265 770 4329 legatur
783 4265 909 4315 lacohsius
935 4283 989 4317 sum
1010 4268 1125 4318 delatae
1115 4286 1165 4334 jam
1180 4271 1268 4333 legisse
1287 4274 1339 4323 lere
1356 4276 1467 4336 memini,

378 4336 401 4386 ίιι
419 4338 556 4400 Analecos,
568 4351 586 4389 t.
602 4341 647 4398 lx,
664 4358 689 4405 p.
708 4345 765 4392 286.
780 4343 908 4408 Euripides
936 4362 985 4396 non
1001 4356 1080 4396 autem
1093 4364 1141 4413 quo
1155 4365 1179 4397 111
1190 4348 1261 4398 libro

377 4411 645 4481 ὒιιιιίε.11πιιτιμαι
666 4421 692 4469 δε
706 4428 907 4491 καίπιπιίρκμαι
970 4422 1070 4491 ΙὈιριις
1088 4427 1287 4496 θαρρει]111(ίθρ
1304 4430 1364 4493 162,
1379 4446 1404 4481 n.
1420 4436 1439 4481 l.
