3684 5659
540 685 542 688 ’
602 735 1146 873 ΦΙΛΟΓΕΛΩΣ

796 1023 847 1082 ΕΚ
873 1023 949 1083 ΤΩΝ

327 1235 814 1356 inponamus
840 1241 983 1356 tom
1006 1238 1419 1365 otlarrtol

336 1419 337 1423 Ν
650 1523 1093 1612 FPAMlllATthtN¹.

373 1910 414 1984 α’.
435 1917 658 2008 Σχολαστικὸς’
674 1922 872 2013 ἀργυροκόπῳ
889 1919 1012 1998 ἐπέταξε
1028 1922 1136 2011 λύχνον
1152 1932 1291 1995 ποιῆσαι.
1308 1931 1367 1990 Τοῦ
1382 1923 1415 1992 δὲ

1112 2016 1119 2036 ,
1147 2012 1149 2016 .

323 2027 518 2107 ἑξετάσαντος
540 2031 665 2103 πηλίκον
683 2035 823 2117 ποιήσει,
844 2035 1038 2123 ἀπεκρίνατο·
1062 2059 1077 2092 «
1099 2039 1140 2111 Ως
1161 2037 1234 2131 πρὸς
1253 2037 1332 2102 ὀκτὼ
1357 2041 1414 2102 ἀν-

322 2137 474 2231 θρώπους8
488 2167 517 2205 u.

355 2354 425 2404 'Hoc
446 2364 485 2404 est
505 2355 593 2404 lemma
618 2353 710 2404 codicis
735 2354 851 2412 Parisini,
881 2355 990 2405 comicus
1000 2356 1110 2406 Philistio
1121 2357 1206 2406 libello
1215 2357 1310 2406 cuidam
1320 2373 1364 2408 suo
1376 2360 1414 2407 ei·

319 2433 420 2483 notandi
432 2433 549 2498 deinceps
561 2433 642 2482 littera
656 2433 686 2481 Α.
701 2433 852 2482 Monacensis
880 2432 936 2482 dem
945 2449 1034 2483 nomen
1045 2435 1238 2500 praescripserat,
1248 2434 1323 2484 Suida
1332 2445 1411 2484 testes

320 2512 488 2573 codex‚olim
500 2510 852 2576 Augustanusfflolanduslil·
878 2514 1003 2562 (balterius
1016 2514 1408 2580 Πμουσαεὺς,ἥ...,Σαρδιανὸς....
1483 2513 1487 2521 “

318 2602 371 2640 tera
381 2590 404 2639 Μ
415 2610 422 2639 =
434 2586 474 2640 Ἐκ
486 2595 527 2640 τοῦ
537 2587 563 2640 ‘l.
577 2610 598 2639 κ.
610 2593 661 2639 ort..
673 2596 849 2656 γραμματικοῦ.
879 2587 946 2646 οὗτός
966 2592 1028 2640 ἔστιν
1046 2595 1058 2641 ὁ
1077 2597 1169 2657 γράψας
1184 2597 1224 2640 τὸν
1242 2594 1410 2653 delendum...

318 2668 419 2718 Praestat
437 2668 510 2719 lectio
524 2667 579 2718 cod.
595 2668 629 2724 Α,
642 2676 669 2717 ut
682 2665 733 2731 jam
746 2682 795 2716 non
808 2683 851 2716 co·
878 2673 977 2726 Νικαεὺς
994 2671 1117 2733 δὲμᾶλλον
1136 2670 1235 2734 ᾅδεται,
1250 2673 1279 2726 ὡς
1295 2680 1413 2738 μαρτυρεῖ

318 2748 408 2812 gilelut·
419 2746 523 2812 amplius
540 2744 572 2794 de
585 2745 698 2795 Hierocle
713 2745 754 2794 illo
769 2745 849 2810 philo·
878 2754 905 2798 τὸ
920 2749 1069 2816 ἐπίγραμμα·
1081 2745 1107 2799 ‘0
1122 2755 1161 2799 τὸν
1173 2751 1356 2798 uetustissimos
1366 2751 1412 2799 ἂν·

316 2824 411 2889 sopho‚
435 2823 504 2889 eujus
527 2823 662 2888 epithetum
689 2824 713 2872 in
736 2824 849 2874 lemmate
878 2830 975 2893 θμώπων
986 2833 1037 2895 βίον
1051 2831 1139 2878 Γέλωτι
1154 2832 1251 2894 κεράσας
1264 2832 1362 2884 Νικαεὺς
1373 2834 1412 2877 Φι-

317 2900 611 2971 εᾱίῑίοιιωη,’1ιροκλὲσυς
620 2907 743 2972 φιλοσόφου
751 2903 848 2964 Ἀστεῖα,
876 2909 978 2954 λιστίων.
1011 2905 1111 2955 Auctius
1137 2905 1242 2954 disticho
1271 2905 1360 2969 legitur
1385 2905 1410 2954 in

317 2980 409 3031 dudum
418 2981 475 3031 viris
484 2980 563 3030 doctis
571 2983 848 3045 suspectum,anemine
876 2984 952 3034 Anth.
972 2987 996 3042 l,
1016 2986 1057 3033 55.
1074 2983 1108 3034 lbi
1123 2999 1173 3033 non
1187 2984 1351 3032 meminerunt
1370 2984 1410 3032 in-

315 3075 365 3109 uno
381 3059 488 3110 deletum
504 3060 577 3110 fuisse
596 3059 710 3109 demiror.
727 3061 754 3108 ln
773 3059 796 3108 tl
811 3071 849 3110 est
876 3074 996 3130 terpretes
1012 3063 1126 3114 variantis
1139 3063 1251 3112 lectionis
1264 3071 1347 3127 μίξας,
1365 3079 1410 3124 pro

315 3138 419 3189 alterum
437 3140 545 3189 lemma:
560 3142 584 3188 ἐκ
598 3144 639 3188 τοῦ
653 3137 849 3207 prlopr'loogmic)
875 3149 988 3210 κεράσας,
1001 3157 1048 3208 qua
1064 3152 1101 3191 est
1118 3157 1176 3191 usus
1195 3140 1330 3206 Hesychius
1346 3139 1410 3190 lllu-

315 3223 371 3284 πιμὶ
381 3221 547 3281 exoletorum.
558 3216 619 3265 lnde
631 3226 699 3281 patet
712 3214 767 3266 libri
779 3217 848 3266 istius
874 3222 947 3279 stris,
961 3237 988 3284 p.
1007 3221 1048 3269 lo.

315 3298 439 3364 φιλόγελως
455 3295 563 3361 inscripti
577 3306 693 3361 excerpta
710 3306 802 3346 tantum
817 3296 847 3344 ad
908 3297 1014 3347 ’Graece
1025 3297 1116 3348 inedita
1128 3296 1263 3346 historiola.
1275 3297 1318 3346 Est
1330 3296 1409 3361 prima

315 3390 361 3425 nos
376 3375 532 3440 pervenisse3
553 3384 621 3440 patet
636 3374 709 3423 etiam
730 3389 760 3423 ex
775 3373 847 3423 simili
874 3387 900 3426 et
911 3377 936 3425 in
948 3377 982 3425 tl.
995 3387 1057 3425 utet
1069 3376 1231 3424 Pontano.—
1242 3373 1406 3439 Σχολαστικός]

314 3454 429 3504 lemmate
449 3453 474 3501 in
498 3451 670 3501 Abistoriolis
691 3452 790 3516 praefixo
816 3451 846 3500 de
876 3455 1160 3515 «scholasticus,sensu
1169 3454 1234 3503 malo
1243 3454 1291 3504 hoc
1300 3453 1356 3503 loco
1366 3468 1407 3502 ac·

315 3531 449 3581 avariszln
467 3537 509 3581 τοῦ
527 3535 655 3600 palo-selon·
678 3530 847 3579 consentiente
874 3534 974 3598 cipitur,
1001 3543 1027 3581 ut
1057 3532 1181 3581 hominem
1213 3531 1407 3596 imprudentem,

313 3608 347 3659 ll.
361 3609 452 3674 Scripsi
465 3610 518 3658 sine
526 3608 663 3658 soloecismo
674 3629 680 3657 z
693 3610 716 3657 ἐκ
725 3616 766 3658 τοῦ
776 3612 845 3657 Φιλό-
873 3612 983 3675 ineptum
1006 3620 1031 3658 et
1049 3608 1204 3675 plumbeum,
1221 3610 1305 3674 quales
1323 3609 1407 3659 schola

313 3693 382 3751 γελω.
393 3687 445 3736 lac.
457 3687 593 3746 Pantanus,
608 3688 647 3752 qui
661 3687 770 3736 Latinam
789 3701 846 3736 con·
873 3705 939 3755 saepe
949 3705 998 3738 non
1009 3689 1133 3752 corrigere
1144 3698 1240 3754 potest,
1249 3688 1369 3752 significet
1382 3707 1405 3736 ».

313 3764 846 3831 versioncm‚ProgymnasmatissuisRheto—
873 3768 971 3817 Scurra.
989 3767 1021 3816 ad
1039 3766 1161 3816 Facetiam
1182 3768 1328 3830 proximam.
1350 3766 1407 3815 Plu·

312 3843 371 3894 ricis
382 3845 508 3905 insertam,
517 3843 549 3893 ad
561 3843 644 3892 Graeca
657 3843 750 3894 codicis
760 3846 846 3907 Augu·
871 3848 933 3896 rima
947 3846 1014 3896 dabit
1025 3845 1105 3896 editor
1114 3845 1297 3910 Lugdunensis,
1312 3844 1407 3893 descri-

312 3922 375 3973 stani
390 3922 507 3983 instituit,
527 3921 553 3970 id
573 3919 647 3970 habet
666 3921 771 3970 lemma:
784 3939 796 3964 r
809 3922 844 3971 Ex
871 3936 914 3990 pta
931 3925 955 3973 in
968 3923 1116 3973 Londinensi
1131 3940 1154 3972 a.
1170 3925 1232 3972 1673
1246 3931 1271 3970 et
1290 3920 1406 3969 Needha—

312 3999 425 4050 Hierocle
436 4010 462 4049 et
471 3998 592 4063 Philagrio
601 3999 758 4064 grammatico
771 4000 844 4050 scho-
871 4003 929 4051 mia.
953 4001 1056 4050 llddcsis
1078 4000 1109 4048 de
1133 4002 1231 4049 nomine
1254 4003 1405 4062 σχολαστικός

311 4078 466 4138 tauricorum,
482 4078 532 4127 sive
546 4077 632 4126 litteris
647 4076 805 4137 studentium,
822 4089 846 4128 et
872 4081 994 4144 Corayum
1003 4079 1073 4128 Prael.
1086 4077 1117 4127 ad
1128 4076 1235 4127 Hierocl.
1247 4093 1272 4142 p.
1287 4072 1323 4140 κγ’
1329 4109 1369 4134 ...,
1380 4086 1405 4124 et

311 4155 413 4206 aliorum
420 4155 523 4205 ridicule
530 4155 596 4204 dicta
606 4166 631 4203 et
640 4154 702 4203 facta
714 4173 725 4198 t
735 4156 844 4214 ;addens
871 4173 933 4223 quos
947 4156 1047 4220 allegavi
1067 4165 1178 4204 notarum
1190 4154 1259 4202 initio
1276 4153 1307 4202 ad
1320 4153 1404 4204 Theo-

311 4234 385 4300 idque
397 4235 484 4284 merito
498 4251 510 4277 α
522 4242 547 4281 et
560 4234 661 4282 aliorum
676 4252 702 4294 r,
716 4250 789 4299 quum
803 4251 844 4285 au-
870 4234 1012 4302 phylactum
1025 4234 1116 4283 Simoc.
1127 4233 1310 4282 scholasticum.

311 4324 392 4363 ctores
406 4320 447 4363 τοῦ
458 4316 572 4377 Φιλόγελω
583 4312 713 4363 multorum
726 4313 843 4362 memine·
904 4313 914 4339 ³
927 4312 1032 4363 Inseruit
1050 4311 1203 4361 conversioni
1219 4312 1341 4361 Pontaous
1357 4325 1403 4374 pro

310 4392 359 4442 rint
380 4402 469 4457 preter
488 4391 656 4443 scholasticos.
676 4390 751 4440 Vetus
771 4402 844 4457 poeta
870 4392 982 4444 scholio:
1001 4391 1046 4442 «si
1065 4390 1096 4440 de
1114 4405 1178 4454 pane
1193 4391 1355 4454 interrogatus
1368 4388 1404 4441 sic
