3684 5659
776 600 840 662 ΚΑΙ
868 599 1087 661 ΦΙΛΑΓΡΙΟΣ.
1408 596 1480 668 303

383 739 515 813 εἰπόντος
538 736 582 803 ότι
606 738 770 818 ἀπέθανεν,
795 739 810 801 ό
834 738 936 828 ἰατρὸς
958 735 1028 833 μεθ’
1051 735 1139 826 ὅρκου
1162 740 1343 828 ἀπεκρίνατο
1366 736 1475 815 οὕτως·

383 888 397 916 τι
414 864 451 925 Εἰ
470 862 511 949 μίν
530 861 671 945 ἐκλύσθη,
692 861 838 932 ἐλάκησεν
855 869 892 925 ὀίν
907 889 934 925 ν.

431 1019 505 1118 ροζί.
522 1026 672 1114 Κυμαῖος1
687 1030 788 1119 ἰατρός
797 1026 909 1114 τέμνων
919 1031 986 1093 τινά
999 1025 1102 1102 δεινῶς
1113 1029 1265 1118 ἀλγοῦντα
1276 1031 1327 1093 καί
1342 1026 1475 1114 βοῶντα,

381 1136 572 1229 άμθλυτέραν
589 1137 697 1223 σμίλην
716 1139 874 1224 μετέλαθε.

429 1291 504 1389 ροη’.
527 1297 676 1386 Κυμαῖοι’
692 1296 745 1365 δύο
765 1298 904 1389 ἰσχάδων
921 1306 1053 1393 κεράμια
1071 1297 1124 1366 δύο
1139 1300 1293 1392 ἐπρίαντο.
1312 1302 1430 1367 Τούτων
1444 1300 1477 1367 δὲ

380 1408 520 1501 ὁέτερος,
536 1412 586 1475 τὸν
601 1409 698 1501 ἕτερον
711 1411 877 1497 λανθάνων,
891 1412 945 1477 ούκ
958 1413 992 1476 ἐκ
1007 1418 1060 1476 τοῦ
1077 1409 1169 1490 ἰδίου,
1184 1411 1252 1476 ἀλλ’
1268 1411 1300 1476 ἐκ
1313 1418 1366 1476 τού
1377 1411 1477 1504 ἑτέρου

380 1516 571 1591 κατήσθιενῧ.
593 1503 634 1597 ίλς
651 1518 684 1587 δὲ
700 1533 763 1599 τοῖς
780 1523 916 1594 ἀλλήλων
940 1525 1191 1614 κατεχρήσαντο,
1212 1519 1358 1606 ἕκαστος,
1378 1521 1424 1586 ἐπὶ
1443 1524 1476 1587 τό

378 1627 456 1696 ἴδιον
476 1631 675 1724 ἐπιστρέψας,
702 1625 785 1724 εύρεν
815 1633 888 1697 αὐτὸ
912 1634 1009 1697 κενόν.
1029 1615 1170 1704 Ᾰλλήλων
1196 1624 1246 1695 οὖν
1267 1631 1475 1719 ἐπιλαθόμενοι

378 1748 487 1832 ἤγοντο
506 1742 551 1808 ἐπὶ
571 1745 620 1808 τόν
637 1750 786 1835 ἄρχοντα.
804 1743 950 1834 Διαγνοὺς
965 1740 999 1809 δέ
1014 1744 1029 1807 ὁ
1043 1749 1161 1835 άρχων,
1182 1742 1318 1807 ἐκέλευσε
1333 1744 1372 1806 τά
1385 1744 1477 1807 κενῶ-

378 1878 464 1939 ματα
482 1851 630 1938 ἀλλάξαι,
651 1857 702 1919 καί
720 1858 775 1931 τάς
791 1857 881 1942 τιμάς
899 1853 1040 1929 ἀλλήλοις
1058 1849 1239 1918 ἀποδοῦναι.

427 2006 501 2105 ροθῙ.
525 1995 566 2079 fir
583 2011 687 2104 Κύμη*
704 2012 889 2106 δημαγωγός
906 2014 935 2079 ἐν
953 2014 1101 2098 ἐκκλησίᾳ
1120 2016 1357 2105 κατηγορηθείς,
1378 2040 1393 2072 (ι
1411 1993 1473 2080 Ᾰν·

378 2121 447 2217 δρες
459 2151 473 2181 ν
488 2129 556 2216 ἔφη,
573 2125 729 2205 «πολῖται,
745 2123 835 2212 οἱμὲν
849 2125 1085 2212 κατεψευσμένοι
1098 2150 1156 2212 μου
1169 2126 1225 2201 τάς
1239 2120 1387 2200 διαβολάς
1400 2129 1474 2190 εἰσιν

378 2228 476 2301 οὗτοι·
501 2237 615 2327 γένοιτο
638 2235 741 2310 αὐτοῖς
764 2235 835 2327 παρ’
860 2235 929 2324 ὑμῖν
951 2239 1220 2326 καταγνωσθῆναι·
1252 2239 1277 2299 εί
1301 2231 1335 2299 δέ
1360 2261 1389 2299 τι
1414 2235 1473 2325 ε’γῶ

376 2346 493 2422 τούτοις
509 2349 678 2424 πεποίηκα,
702 2349 819 2410 πάντων
836 2345 917 2433 ὑμῶν
935 2347 1128 2433 καθημένων,
1156 2345 1220 2432 ἐμοὶ
1242 2346 1321 2433 μόνῳ
1344 2347 1377 2410 τό
1396 2347 1471 2411 θέα-

375 2481 444 2549 τρον
461 2456 596 2523 ἐπιπέσοι
610 2482 639 2521 ν.

425 2599 484 2700 ρτί.
502 2605 655 2695 Κυμαῖοςθ
668 2606 772 2700 άρχωυ
784 2612 912 2672 τοιαῦτα
923 2604 1105 2697 κηρύγματα
1118 2602 1274 2695 ἐκήρυξεν·
1293 2630 1308 2662 (ι
1319 2607 1357 2670 Οἱ
1371 2610 1470 2702 ἔφοροι

375 2721 454 2806 μετά
471 2720 524 2790 την
547 2722 653 2784 θυσίαν
672 2728 864 2811 παραχρῆμα
886 2721 941 2794 τάς
965 2716 1078 2782 ἑαυτῶν
1099 2713 1218 2807 βύρσας
1240 2717 1470 2807 ἀναφερέτωσαν

374 2831 448 2922 πρὸς
466 2832 516 2896 τόν
539 2830 633 2922 ἱερέα.
658 2833 694 2896 Οἱ
717 2828 751 2896 δὲ
770 2829 952 2917 βουλευταί,
972 2824 1134 2894 εἰσέλθετε8
1152 2831 1193 2903 εἰς
1210 2829 1243 2892 τό
1261 2825 1471 2920 βουλευτήριον

374 2943 427 3006 καί
446 2943 487 3029 μὴ
506 2938 695 3026 βουλεύεσθε.
716 2943 753 3007 Οἱ
772 2938 806 3006 δὲ
822 2944 962 3032 μάγειροι
978 2941 1017 3003 τά
1034 2934 1101 3002 ίδια
1118 2936 1210 3002 ὀστέα
1227 2936 1299 3028 ὑπὲρ
1317 2938 1351 3002 τό
1369 2947 1470 3027 τεῖχος

374 3047 567 3135 βαλέτωσαν.
589 3053 626 3117 Οἱ
645 3049 679 3116 δὲ
696 3062 816 3129 σκυτεῖς
832 3051 956 3144 μικρούς
974 3044 1169 3124 καλοίποδαςῖ
1185 3049 1226 3136 μή
1244 3047 1398 3135 ἐχέτωσαν
1413 3074 1442 3112 ν.

423 3206 505 3306 ρπά.
535 3210 686 3300 Κυμαῖοι8
711 3216 753 3288 εἰς
780 3213 968 3304 ψηφοφορίαν
994 3214 1240 3296 ἀπαντήσαντες,
1270 3213 1321 3275 καί
1353 3211 1470 3300 γνόντες

373 3323 502 3399 πολλοὺς
529 3323 562 3387 ἐκ
589 3332 647 3387 τῶν
672 3322 772 3387 ἀλλων
799 3320 912 3386 πόλεων
941 3321 1192 3412 ἀπολειφθέντας,
1219 3322 1391 3407 αἰτιώμενοι
1417 3323 1469 3390 τήν

373 3443 522 3528 ἀτραπον,
541 3458 558 3492 ι(
575 3435 622 3505 Μὴ
640 3437 735 3524 μωροί
752 3458 785 3516 ν,
811 3436 863 3522 ἔφη
883 3455 899 3488 (ι
926 3432 977 3496 ἐάν
999 3434 1049 3495 καί
1073 3433 1162 3517 ἡμεῖς
1180 3435 1222 3505 είς
1240 3432 1273 3494 τό
1292 3430 1397 3516 μέλλον
1415 3429 1468 3494 οὐκ

374 3543 551 3640 έρχῶμεθα”
564 3567 599 3627 »3
1006 3545 1009 3556 '

407 3788 414 3814 ¹
428 3789 512 3838 Exstat
522 3788 547 3838 in
558 3805 606 3838 uno
618 3788 648 3838 Α.
933 3790 1008 3849 ξύλον,
1020 3792 1059 3835 καὶ
1071 3790 1140 3848 ποῦς,
1154 3791 1222 3848 ἤγουν
1240 3787 1328 3844 ξύλινον
1345 3785 1466 3852 ποδάριον,

380 3922 388 3941 ο
406 3865 415 3891 ¹
429 3867 514 3916 Exstat
525 3867 549 3915 in
561 3883 610 3916 uno
624 3867 654 3916 Α.
931 3873 958 3916 τὸ
978 3871 1057 3916 ὁποῖον
1073 3873 1283 3932 μεταχειρίζονται
1302 3867 1324 3914 οἱ
1339 3864 1468 3928 ὑποδημά-

406 3945 462 4006 ³A‚
475 3951 603 3996 κατέοθιεν.
932 3953 1027 4013 τουργοί
1044 3949 1058 4003 ἦ
1076 3950 1224 4008 σκυτοτόμοι·
1245 3948 1297 3992 κτλ.
1315 3958 1370 4007 quae
1385 3941 1468 4005 digre-

407 4023 513 4073 ‘Exstat
525 4024 549 4072 in
564 4038 613 4074 uno
624 4023 654 4071 Α.
932 4025 1022 4073 diendo
1035 4025 1100 4073 lectu
1114 4025 1173 4074 fecit
1191 4022 1333 4086 dignissima
1351 4019 1388 4068 vir
1398 4034 1468 4084 egre·

406 4100 509 4151 ⁸Exstat
521 4102 545 4151 in
559 4116 608 4150 uno
617 4100 646 4151 Α.
931 4104 993 4167 gius.

406 4180 462 4236 ὓΑ,
474 4183 558 4231 εἴθετε.
573 4179 655 4228 Visum
667 4187 704 4226 est
720 4177 842 4241 corrigere
857 4179 903 4233 εἰς·
966 4179 976 4205 ⁸
988 4181 1071 4229 Exstat
1082 4180 1106 4226 in
1118 4194 1167 4228 uno
1177 4177 1207 4226 Α.
1280 4212 1291 4231 .

370 4263 456 4309 ι’λθετε.
965 4257 1041 4307 ”Feci
1064 4255 1293 4320 interrogationem.
1313 4269 1343 4302 eo
1366 4269 1464 4302 sensu:

406 4335 577 4400 ’Καλάποδαψ
591 4337 698 4402 Corayus
707 4336 746 4384 Ar.
763 4340 824 4399 1,p.
841 4337 884 4383 117
895 4355 901 4383 2
933 4358 944 4382 ι
958 4354 988 4386 an
1001 4338 1090 4385 erimus
1100 4336 1157 4385 fatui
1168 4374 1173 4391 ,
1186 4334 1205 4383 si
1217 4342 1241 4382 ει
1251 4349 1295 4383 nos
1305 4333 1329 4382 in
1342 4342 1465 4397 posterma

372 4420 515 4474 καλοίπουςῆ
531 4420 657 4476 καλόπους,
674 4419 720 4467 οἰπο
730 4423 762 4466 ’τὸ
779 4419 857 4474 κᾶλον,
876 4423 903 4465 τὸ
933 4433 981 4466 non
995 4415 1104 4465 venimus
1115 4418 1186 4463 ιθ-
1198 4414 1231 4474 Λ,
1245 4415 1370 4479 ἐρχόμεθα.
