3684 5659
368 611 440 681 202
481 658 484 667 ·
705 614 740 672 Γ.
768 611 842 673 ΤΟΥ
867 607 1123 672 ΠΑΧΥΜΕΡΟΥΣ

368 774 451 838 νιμον
478 743 512 813 δὲ
535 747 710 838 παράληρον
733 747 786 810 καὶ
814 745 931 836 μωρόν,
959 749 1073 833 άπορον
1093 741 1124 824 ἐς
1148 743 1189 806 τά
1210 743 1313 807 πάντα
1334 744 1456 809 καὶτὸν

368 861 556 948 εὐμήχανον,
580 854 806 946 καταφρονητήν
826 856 868 928 εἰς
891 851 975 928 θεοὺς
996 853 1046 917 τὸν
1067 851 1141 927 τέως
1158 849 1284 918 ἐπιπολὺ
1302 852 1412 924 εὐσεθῆ
1427 878 1456 920 τε

367 973 419 1036 καὶ
439 965 669 1056 δεισιδαίμονα,
689 967 821 1057 ῥᾴθυμον
835 963 864 1038 ἐς
880 963 1035 1032 πολιτικήν
1051 963 1241 1050 κοσμιότητα
1252 964 1304 1028 τὸν
1318 962 1392 1052 χθὲς
1407 967 1455 1031 καί

368 1082 425 1172 πρὸ
442 1082 541 1171 τρίτης
557 1079 663 1165 σεμνὸν
680 1078 733 1142 καί
746 1077 891 1163 κόσμιον.
909 1051 952 1138 Ᾰν
966 1083 1097 1165 γυναῖκα
1112 1077 1279 1164 κατάσχῃ,
1295 1077 1348 1141 καὶ
1364 1081 1458 1142 ταῦτα

367 1191 436 1256 νέαν
453 1191 505 1255 καὶ
524 1187 643 1258 ἁπαλήν
660 1188 694 1252 τὸ
711 1181 959 1270 εὐεξαπάτητονί,
978 1184 1095 1275 ε’πείπερ
1117 1185 1173 1260 τάς
1192 1193 1246 1261 τῆς
1264 1190 1345 1262 ζωῆς
1363 1188 1456 1277 ἀφορ-

369 1304 429 1390 μάς
453 1300 487 1366 οὐ
512 1296 639 1364 δυνατόν
664 1301 744 1387 ἔχειν
766 1295 878 1368 ταύτην
910 1294 1066 1386 ἑτέρωθεν,
1097 1295 1112 1360 ὃ
1139 1296 1229 1382 μόνον
1254 1299 1338 1384 ἔχει,
1367 1296 1457 1385 τούτῳ

370 1414 506 1504 χρᾶσθαι
521 1411 748 1501 παρασκευάζει
764 1408 817 1477 τήν
834 1410 998 1498 άνθροπον·
1019 1401 1205 1497 κάπειδήπερ
1222 1407 1312 1472 πλέον
1326 1406 1382 1472 οὐκ
1399 1410 1458 1496 ἔχει

369 1526 454 1614 παρά
469 1523 503 1587 τὸ
520 1530 628 1608 σῶμα,
649 1527 765 1609 χρᾶται
782 1517 878 1604 τούτῳ
895 1517 969 1607 πρὸς
986 1517 1039 1587 τήν
1056 1516 1169 1581 ἐκείνου
1186 1521 1310 1609 τροφήν.
1329 1521 1390 1583 Καὶ
1408 1518 1458 1584 οὐκ

369 1633 403 1698 ἐκ
420 1613 541 1724 γνώμης
561 1633 697 1715 πάσαις,
720 1627 799 1693 ἀλλά
820 1629 872 1692 καί
895 1623 926 1702 ἐξ
948 1628 1085 1717 ἀνάγκης
1102 1629 1121 1698 ή
1140 1627 1297 1693 ἀκολασία
1314 1627 1378 1692 ε’στί
1394 1637 1459 1705 ταῖς

369 1745 501 1811 πλείοσι.
521 1743 597 1812 Γυνή
616 1743 667 1806 καὶ
686 1739 823 1810 πένησσα
838 1737 866 1802 ἐν
885 1745 1004 1824 ταυτῷ·
1024 1737 1136 1802 ἐκεῖθεν
1152 1740 1172 1808 ή
1188 1746 1242 1814 τῆς
1259 1741 1380 1816 ἀπάτης
1397 1764 1458 1805 πα-

370 1850 532 1947 ρείςδυσις·
553 1853 683 1917 ε’ντεύθεν
702 1852 722 1921 ή
739 1858 792 1924 τῆς
809 1851 945 1939 ἀνάγκης
963 1847 1106 1922 ἐπίθεσις.
1125 1847 1190 1913 Κάν
1206 1850 1300 1940 σοφόν
1316 1873 1347 1914 τι
1363 1852 1459 1941 προίτ-

370 1988 431 2029 τειν
448 1964 583 2054 ἐπιχειρῇ
601 1964 653 2027 καί
671 1960 859 2052 καρτερικόν,
878 1960 932 2024 καὶ
951 1958 1025 2048 πρὸς
1043 1958 1096 2029 τὴν
1112 1960 1229 2029 ἀπάτην
1246 1955 1460 2053 ἀνδρικώτερον

372 2084 445 2163 στῇ,
464 2076 498 2138 τὸ
512 2083 565 2149 τής
579 2075 716 2162 ἀνάγκης
733 2067 835 2154 βίαιον
848 2070 1051 2160 περιγίνεται,
1071 2070 1123 2134 καί
1140 2071 1159 2140 ή
1176 2068 1249 2143 τέως
1267 2071 1395 2162 σώφρων
1411 2074 1458 2137 καί

372 2187 437 2277 περὶ
454 2187 510 2260 τάς
528 2180 640 2258 ήδονάς
657 2182 806 2272 ἐγκρατής
824 2180 1021 2268 αἰχμάλωτος
1037 2177 1240 2270 ὐπάγεταιτῇ
1258 2183 1394 2273 ἀνάγκῃ,
1412 2183 1459 2248 καί

372 2297 425 2367 τήν
452 2296 622 2361 ἀκολασίαν
647 2299 755 2383 τροφής
772 2301 902 2356 ποιεῖται
918 2290 1152 2381 προςπορισρόν.
1171 2288 1259 2356 Οὐτω
1276 2293 1406 2370 πολλαῖς
1425 2295 1462 2359 τά

372 2412 425 2472 τού
441 2408 551 2498 τρόπου
568 2408 734 2496 φθείρεται.

422 2516 466 2583 Οὐ
483 2518 583 2608 πόρ’ρω
600 2511 633 2580 δὲ
649 2518 702 2579 τοῦ
718 2513 834 2588 εἰκότος
850 2514 901 2577 καὶ
920 2511 1031 2583 ταύτην
1048 2513 1156 2604 τρόπον
1169 2513 1218 2579 τὸν
1232 2513 1324 2581 αὐτὸν
1337 2524 1462 2607 φανῆναι

373 2630 483 2700 κακήν.

424 2743 461 2804 Εἰ
474 2736 508 2805 δὲ
521 2741 575 2804 καί
586 2763 615 2802 τι
628 2736 771 2807 κέκτηται
786 2739 849 2820 νῦν,
866 2737 918 2800 καὶ
935 2736 975 2799 τά
991 2737 1107 2826 χρυσία
1120 2738 1282 2828 προτείνεις
1298 2726 1341 2815 είς
1355 2733 1463 2831 δεῖγμα

373 2854 426 2914 τού
440 2848 586 2939 εὐπορεῖν,
603 2851 679 2913 ἔστω
694 2848 746 2911 καί
761 2851 862 2910 τούτο.
882 2827 967 2912 Ᾰλλοί
983 2871 1018 2937 γε
1035 2847 1068 2911 τὸ
1082 2850 1148 2923 ἔθος
1161 2846 1234 2939 παρ’
1251 2845 1338 2914 οὐδὲν
1352 2847 1461 2941 φάσκ’,

375 2961 427 3025 καί
459 2955 708 3034 δυςαπάλλακτον
730 2956 759 3020 έν
783 2956 918 3031 πολλοῖς.
946 2959 982 3021 Τί
1004 2953 1039 3021 δέ
1047 2979 1055 3038 ;
1082 2961 1107 3022 εἰ
1131 2954 1160 3023 δ’
1186 2955 1352 3024 ἀποθαλεῖ“
1370 2966 1464 3025 ταύτα

375 3072 457 3136 κατὰ
481 3070 589 3156 νόμους
615 3076 657 3154 τῷ
684 3062 838 3153 δημοσίῳ,
864 3067 917 3132 οὐκ
941 3074 1054 3159 ἀπορος
1077 3069 1166 3134 πάλιν
1194 3067 1270 3140 αὐτη
1297 3072 1349 3136 καί
1375 3067 1465 3159 μηδὲν

375 3182 449 3274 πρός
465 3182 498 3245 τὸ
515 3176 545 3255 ἐξ
563 3183 661 3269 ἀρχῆς
678 3179 879 3269 ἀφθονώτερον
897 3182 1031 3266 ἔχουσα,

418 3277 491 3357 ΙΟἰέι
518 3289 628 3360 ταύτην
656 3290 753 3376 νόμων
783 3292 1063 3380 καταφρονήσασαν
1094 3299 1152 3355 τῶν
1182 3291 1342 3378 κειμένων,
1377 3290 1467 3368 οὐτως

377 3403 485 3474 ἑαυτήν
507 3412 570 3478 τοῖς
593 3403 731 3493 χρυσίοις
757 3399 1037 3482 ε’πισκευάσασθαι;
1062 3402 1136 3493 πρὸς
1156 3404 1186 3466 τί
1204 3403 1291 3466 ταῦτ’
1313 3399 1464 3487 ἐπινοεῖςί,

377 3516 438 3578 κάκ
456 3516 546 3590 ποίας
561 3515 679 3595 αἰτίας,
699 3512 718 3583 ἢ
734 3509 778 3578 ότι
794 3513 943 3601 συχνάκις
960 3521 1023 3587 τοῖς
1039 3514 1139 3600 νόμοις
1153 3513 1304 3600 ὡμίλησε,
1323 3518 1468 3605 συχνάκις

376 3636 440 3701 τοῖς
459 3622 665 3715 δικαστηρίοις
686 3621 855 3714 παρέθαλε,
878 3624 1025 3710 συχνάκις
1044 3631 1112 3697 ταῖς
1135 3622 1304 3715 ἐλευθέραις
1327 3628 1381 3690 καί
1406 3627 1467 3690 σώ-

378 3758 481 3826 φροσιν
499 3731 682 3821 ε’πιμίξασα,
706 3729 786 3819 εἶχεν
809 3730 929 3796 ἀκούειν
951 3734 989 3796 τά
1010 3734 1140 3820 νόμιμα;
1163 3743 1248 3809 ποῖος
1266 3737 1390 3827 καιρός,
1409 3735 1469 3802 εἰπέ

379 3962 400 4010 δ’
414 3955 470 4009 αὐτο
481 3967 551 4014 κακῆς
561 3955 670 4023 οὐρίγιον
684 3954 738 4005 ἄλλο
747 3958 911 4019 Διιπνολόχης,
939 3956 978 4005 vel
998 3960 1074 4013 ἁπλὴν
1096 3959 1129 4014 εἰς
1149 3964 1176 4007 τὸ
1193 3957 1251 4015 ιύεξ.
1273 3957 1309 4006 De
1329 3959 1470 4023 permutatis

378 4041 416 4095 ἥτ’
427 4038 548 4104 ἀνδρακαὶ
559 4035 652 4103 ἴφθιμόν
660 4053 703 4100 περ
714 4034 781 4082 ἰόντα
789 4030 843 4083 Εὐει
855 4036 913 4101 ἄτερ
940 4039 1028 4093 ἁπαλός
1038 4045 1063 4085 et
1076 4039 1162 4094 ἁπλοῦς
1176 4035 1231 4085 vide
1246 4035 1346 4086 Jacobs.
1367 4037 1400 4088 ad
1412 4036 1469 4088 Phi-

380 4118 465 4173 δοιὶοῦ,
479 4120 517 4165 καὶ
528 4118 584 4182 ὠμῷ
600 4121 675 4180 γήραι·
686 4113 764 4162 δῶκεν.
774 4110 912 4162 ὒοωίοτοτι·
940 4114 1009 4164 Ιοεῑτ.
1022 4131 1065 4180 pp.
1079 4115 1143 4175 529,
1155 4116 1218 4173 284,
1231 4115 1295 4174 665,
1311 4117 1370 4165 710.

379 4194 424 4244 dus
454 4195 561 4245 loannes
591 4191 742 4243 Pediasimus
765 4191 912 4256 poematiolo
974 4188 1101 4250 ”Εθος.,..
1116 4190 1190 4260 φύσις]
1205 4191 1261 4241 vide
1275 4207 1300 4257 p.
1322 4195 1379 4255 165,
1394 4209 1418 4245 n.
1434 4196 1455 4243 1.

380 4280 432 4341 περὶ
442 4281 546 4335 γυναικὸς
555 4283 639 4330 κακῆς,
651 4286 723 4336 quam
736 4285 789 4320 esse
800 4270 858 4319 dicit
866 4275 913 4325 Γή-
973 4270 983 4296 ³
995 4265 1107 4320 Foflasse
1116 4274 1255 4321 καταιθαλοῖ.

380 4371 423 4418 ρας
435 4353 509 4417 ἀωρον
524 4351 603 4418 εὐνέτρ
615 4353 749 4417 τριςαθλίῳ.
972 4346 983 4373 ⁸
994 4348 1078 4398 Schol.
1087 4369 1093 4399 ι
1102 4351 1206 4409 ἐξέτασις
1216 4360 1256 4406 τῆς
1263 4357 1357 4414 γνώμης
1366 4361 1408 4410 τῆς
1417 4355 1469 4416 πόρ·

416 4428 547 4477 'Fortasse
566 4432 641 4483 ἁπλῆν
664 4433 702 4476 καὶ
726 4425 911 4487 εὐεξαπάτητοι,
940 4430 1155 4489 νης,κοίντεῡθενοί
1169 4432 1282 4492 ἐπίλογοι.
