3684 5659
719 616 875 678 ΜΕΛΕΤΗ
901 605 950 677 H'.
1313 615 1380 683 137

280 748 367 834 poio-p
396 744 449 831 μὲν
476 746 647 837 οἰκοτριθίᾳ
677 751 729 813 καὶ
761 758 797 836 τῇ
821 753 884 840 περὶ
912 752 962 814 τὸν
989 748 1055 834 βίον
1085 750 1202 843 σπουδῇ
1232 751 1381 843 δνςμενῶς

282 860 414 944 ἔχοντα,
435 864 539 921 πᾶσαν
560 853 588 920 δ’
611 856 779 949 ἐλευθερίαν
799 863 948 925 ποθοῦντα
966 863 1017 926 καί
1037 859 1159 933 ἀνέδην1
1177 865 1300 930 θέλοντα
1319 877 1382 942 τοῖς

282 966 463 1042 ἡλικιώταις
482 968 796 1060 συναναστρέφεσθαι,
819 966 937 1053 βλέπων
959 972 973 1035 ὁ
994 975 1139 1060 γεννήσας
1159 977 1210 1038 καί
1234 979 1298 1067 περὶ
1322 986 1381 1042 τῶν

282 1078 452 1164 μελλόντων
476 1076 678 1165 σκοπούμενος
700 1080 741 1166 μή
766 1083 816 1143 καί
844 1081 872 1155 ἐς
895 1081 991 1145 νέωτα
1015 1083 1129 1158 τούτοις
1154 1084 1299 1172 έμμείνω,
1326 1091 1377 1152 καί

283 1188 344 1277 οὐχ
360 1189 442 1265 ὅπως
456 1189 578 1277 ἐμαυτῷ
591 1193 759 1282 χρήσιμος,
780 1191 859 1255 ἀλλὰ
872 1195 923 1256 καὶ
936 1202 973 1281 τῷ
986 1193 1069 1258 πόλει
1083 1195 1216 1284 γένωμαι
1232 1195 1380 1289 βλαβερός

286 1336 330 1347 -—
346 1323 362 1355 α
378 1300 469 1392 ὁγὰρ
487 1301 580 1391 οίργὸς
599 1325 612 1355 ν
632 1300 713 1391 έλεγε
734 1293 805 1389 (καί
827 1306 880 1364 τοῦ
896 1305 1030 1391 ῥήματος
1054 1300 1226 1394 μέμνημαι)
1249 1332 1265 1366 (ι
1283 1309 1381 1374 πολλὰ

283 1411 370 1476 κακοί
388 1407 585 1501 προςελέξατο
601 1407 702 1498 θνμῷ’
716 1435 732 1468 ν
744 1443 794 1458 --
806 1408 924 1494 βλέπων
941 1415 1037 1477 τοίνυν
1053 1416 1104 1478 καί
1125 1415 1215 1480 θέλων
1230 1417 1380 1509 ἐκκρούειν

284 1520 338 1609 ἐμὲ
362 1530 417 1596 τῆς
441 1525 576 1597 νεανείας
601 1522 714 1597 ἐκείνης
737 1524 777 1597 ὡς
801 1522 830 1597 ἐς
853 1518 975 1615 ὕστερον
993 1521 1175 1615 βλαβεράςῧ,
1196 1530 1381 1618 πρῶτονμὲν

283 1632 438 1722 τραπέζης
451 1634 610 1724 ἀποστερεῖ
623 1634 674 1697 καί
689 1641 747 1698 τῷν
764 1636 897 1703 συνήθων
914 1630 1101 1721 ἐνδυμάτων,
1125 1640 1176 1701 καί
1195 1640 1254 1704 απὸ
1270 1644 1382 1733 προςώ-

284 1766 344 1809 που
368 1752 468 1824 ποιεῖ,
487 1744 539 1808 καί
561 1743 662 1826 τέλος,
689 1743 924 1834 μικροψνχήσας
946 1739 1008 1808 οἷον
1024 1779 1073 1792 -
1089 1749 1155 1811 οὔτε
1173 1752 1250 1839 γοίρ,
1275 1748 1379 1838 οἶμαι,

285 1861 329 1940 τῷ
353 1857 449 1945 ἰατρῷ
475 1855 562 1918 νόσον
585 1858 648 1919 έστι
669 1864 832 1946 περιαιρεῖν
859 1854 891 1918 ε’ν.
916 1860 969 1919 τοῦ
992 1867 1200 1948 παραχρῆμα,
1228 1864 1253 1924 εί
1277 1864 1318 1949 μή
1338 1872 1380 1949 τῷ

285 1972 386 2054 καιρῷ
402 1967 568 2055 χρήσεται·
589 1965 655 2027 οὔτε
672 1971 714 2050 τῷ
731 1964 821 2052 πατρί
842 1960 953 2039 παιδὸς
970 1963 1137 2057 ἐλευθερίαν
1156 1973 1234 2033 ἔστιν
1251 1971 1379 2061 ἐκκρού-

286 2077 417 2158 σασθαι,
433 2078 458 2139 εί
472 2075 513 2162 μή
527 2074 597 2138 καθ’
612 2074 731 2145 ήλικίαν
745 2074 797 2143 τήν
811 2070 976 2162 δεχομένην
993 2078 1088 2152 ἠπίως
1102 2081 1141 2142 τὰ
1154 2083 1376 2169 νουθετήματα·

285 2221 335 2235 -
352 2185 588 2277 μικροψνχήσας
607 2177 656 2250 οὖν
676 2185 804 2271 ἐκεῖνος,
822 2187 862 2261 ὡς
875 2187 989 2276 ἔλεγον,
1006 2191 1057 2252 καί
1073 2191 1157 2279 παρὰ
1171 2192 1275 2281 καιρὸν
1293 2197 1381 2282 θερα-

286 2396 483 2462 spliouitmerito
495 2396 742 2453 oldoosviriscriticis,
753 2395 821 2459 eujus
849 2396 870 2443 δ’
886 2401 948 2457 ἡμᾶς
964 2398 1147 2464 ἑὸλασρήμησιν.
1168 2414 1212 2463 pro
1234 2401 1330 2463 vulgata
1344 2401 1381 2448 le-

288 2492 333 2527 nec
352 2476 453 2540 placent
471 2475 613 2524 tentamina.
634 2475 747 2538 Propono
759 2493 765 2521 :
779 2480 821 2522 l'o·
849 2473 943 2521 ctione:
952 2494 979 2522 π.
990 2475 1010 2521 δ’
1020 2478 1053 2530 εἱς
1063 2481 1106 2538 ημ.
1122 2476 1265 2525 Plutarchus
1275 2476 1303 2525 V.
1313 2477 1380 2526 l'ubii

286 2557 480 2623 μνοίγὰρδθόνης
491 2553 592 2622 ραιδ.1ιι
603 2553 656 2618 ipso
666 2553 822 2618 Pachymeris
849 2550 912 2599 Max,
927 2552 941 2597 θ
955 2571 961 2600 :
976 2560 1016 2601 τοῦ
1029 2557 1115 2603 Φαθίον
1128 2562 1166 2603 τὸν
1179 2560 1248 2618 θυμὸν
1260 2556 1284 2603 ἐκ
1296 2559 1381 2612 πολλῆς

286 2636 342 2683 loco
352 2648 444 2683 nomen
457 2635 564 2701 ῥᾳθυμίᾳ
576 2646 590 2680 e
603 2630 744 2696 conjectura
757 2632 822 2680 inse·
849 2635 982 2697 πραότητος
992 2638 1134 2694 κεκινημένον
1150 2635 1221 2699 ᾤοντο
1234 2640 1307 2704 βαρὺν
1322 2635 1381 2685 εἶναι

286 2715 323 2764 rui
343 2712 466 2764 tacunutae
486 2711 587 2760 codicis.
605 2710 663 2759 Sine
682 2708 822 2772 conjecturo
849 2715 888 2757 καὶ
905 2710 1103 2776 δυςπαραίτητοι.
1119 2711 1198 2760 Locus
1212 2712 1308 2761 videtur
1322 2714 1382 2763 inte-

287 2792 424 2842 intransitu
433 2790 534 2840 reddam
544 2804 632 2838 nornen
641 2787 748 2836 Himerio
758 2787 822 2852 quod
850 2803 902 2851 ger.
921 2787 971 2837 Sed
989 2800 1046 2838 anto
1059 2790 1141 2852 viginti
1154 2806 1231 2839 annos
1245 2794 1381 2857 etamplius

287 2868 398 2935 perdidit
408 2869 450 2919 Or.
465 2871 494 2928 3,
509 2871 538 2917 13
552 2888 558 2916 ι
571 2870 665 2923 πολλοῖς
676 2886 702 2916 τε
715 2872 755 2914 καί
770 2868 823 2915 ἐπι·
850 2865 924 2915 didici
944 2881 957 2913 a
978 2873 1003 2915 Σ.
1017 2868 1097 2935 tto-ito
1114 2876 1264 2936 Κερκυραίῳ,
1284 2871 1382 2920 homino.

287 2956 393 3018 καρσίοις
423 2952 594 3016 ἀνηρμίσμενοι
625 2956 674 3002 τοῖς
702 2947 824 3000 ἀκωλύτως
850 2944 917 2993 ιίοει.
933 2945 974 3010 qni
992 2946 1089 2994 codices
1104 2946 1227 2996 Plutarchi
1245 2959 1383 2999 versaverat

288 3029 394 3092 ἄγουσιν.
404 3026 505 3082 Codex.
520 3028 691 3092 ἀνηρμοσμένοι
704 3034 752 3080 τοῖς
766 3024 825 3080 ἀξο-
851 3022 992 3086 diligentur,
1010 3025 1133 3089 reperisse
1146 3041 1173 3074 se
1187 3026 1319 3092 scriptum,
1335 3048 1380 3076 κεκ.

287 3128 322 3157 σιν
334 3110 408 3158 ἀνω...
420 3105 452 3155 Et
462 3104 569 3172 prodero
582 3104 653 3153 simul
667 3102 823 3151 Themistocli
851 3103 1046 3168 ὁρῶντες,ᾤοντο.
1057 3103 1163 3167 Symeon
1175 3104 1293 3168 Metaphr.
1305 3105 1383 3171 Epist.

288 3186 366 3253 Epist.
382 3184 428 3244 15,
439 3186 452 3232 'i
463 3203 470 3233 ε
482 3192 568 3248 προῖκα
579 3184 702 3253 βούλεσθαι
713 3184 824 3246 προέσθαι
853 3183 864 3227 l
878 3186 1030 3247 ιγράμματά
1043 3201 1084 3243 μοι
1099 3186 1180 3238 ἧκα...
1194 3189 1326 3251 γράμματα
1341 3203 1384 3253 ρι-

288 3266 427 3332 τᾶργὺριον.
441 3261 515 3310 Addit
527 3260 616 3318 codex,
628 3261 712 3308 ἐκεῖνο·
729 3257 824 3322 Pachy-
852 3262 915 3315 λίας,
930 3260 982 3316 ὅσης
993 3262 1074 3317 ἡδονῆς
1091 3264 1267 3323 ἀποστάζοντα.
1283 3263 1384 3312 Videtur

288 3342 348 3393 mori
362 3341 428 3391 llist.
445 3339 521 3389 Andr.
535 3339 586 3390 Pal.
601 3337 630 3399 l,
650 3338 696 3395 35,
713 3353 738 3403 p.
754 3340 801 3386 364
816 3357 822 3384 ε
852 3336 979 3403 scripsisse
995 3344 1072 3406 ριὶίας
1082 3340 1149 3399 ὅσης,
1161 3341 1214 3397 ὅσης
1227 3343 1258 3397 ηδ

289 3420 424 3471 τοῦκαντίσν
437 3424 480 3483 μέν
494 3414 532 3467 οὖν
550 3420 578 3467 ἂν
601 3420 743 3481 θαυμαστόν.
760 3411 825 3463 Bek-
886 3414 893 3440 ¹
909 3415 983 3473 Cod.‚
996 3418 1089 3477 ἀνέδην,
1099 3420 1264 3482 superscripto
1279 3440 1314 3468 αι.
1326 3419 1384 3478 Quae

289 3500 362 3549 leros
374 3513 422 3563 pro
435 3492 474 3547 οὖν
485 3495 613 3562 proposuit
626 3495 661 3551 ἦν.
673 3492 771 3552 Codex,
783 3499 825 3557 μὲν
851 3493 948 3543 vocales
959 3495 994 3544 sic
1007 3495 1082 3544 ubivis
1092 3505 1268 3559 permutantur.
1279 3498 1384 3560 Symeon

289 3572 328 3627 οὖν
342 3580 372 3627 διν
390 3575 418 3633 ἧν
443 3581 466 3625 θ.
488 3574 529 3623 sic
547 3574 711 3640 5,ἶιήμίρα
724 3578 767 3637 μὲν
787 3567 824 3621 οὖν
851 3571 971 3636 lletophr.
991 3573 1330 3640 Εμθιέγὼγὶιρδπωςέχω
1346 3593 1384 3642 ρι-

289 3662 427 3724 ποιροισιιενὴ
446 3652 482 3710 ἦν·
503 3652 582 3701 eidem
597 3651 627 3709 5,
650 3652 694 3711 15,
709 3665 735 3714 p.
752 3650 822 3697 400:
853 3654 904 3707 λίας
915 3659 971 3718 πρὸς
982 3658 1006 3699 σὲ
1019 3657 1059 3699 καί
1072 3651 1141 3708 αὐτὸς
1153 3652 1217 3708 οἶδας
1225 3653 1267 3710 ,ὃς
1279 3674 1305 3717 γε
1315 3661 1385 3704 τοῦτο

290 3740 358 3787 τοῦτο
372 3734 408 3791 δίς
425 3739 465 3782 καί
482 3737 533 3800 τρίς
549 3738 640 3794 γεγονὸς
656 3731 742 3784 ἑννοίας
755 3731 826 3791 ἐπῆγε
853 3735 909 3785 τέως
920 3734 1053 3794 ὁμολογεῖς,
1062 3731 1098 3780 ὅτι
1109 3735 1215 3798 παρέντα
1226 3752 1250 3780 σε
1259 3736 1326 3800 pilot*
1336 3735 1386 3782 ἐπεὶ

290 3823 330 3866 τὸν
348 3815 537 3880 καστμορὺλεικα.
553 3808 651 3867 Codex,
672 3811 705 3864 εἰς
725 3809 823 3864 ίννσίοις,
853 3809 878 3857 δὲ
888 3815 971 3868 τοῦτο,
982 3811 1041 3873 μηδὲ
1054 3820 1086 3876 τῷ
1102 3813 1172 3878 ἑτέρω
1183 3812 1337 3880 διαπιστήεης
1350 3813 1386 3862 ὅτι

291 3892 356 3960 quod
368 3886 611 3957 proposuitBelker.
629 3884 826 3945 libanius‚t.l,
853 3893 892 3935 καὶ
919 3890 1011 3937 ἀπόντα
1036 3891 1113 3937 πλέον.
1135 3888 1195 3937 Puto
1217 3889 1386 3953 corrigendum

291 3987 317 4037 p.
336 3971 387 4019 434
399 3988 406 4018 ι
419 3970 471 4019 οἷον
485 3975 561 4017 τοίνυν
575 3968 614 4015 ἕνα
632 3974 679 4014 τῶν
698 3965 826 4027 δεξαμένων
853 3968 950 4032 ἑταίρῳ.

292 4057 331 4099 τὸν
340 4056 380 4099 σου
394 4053 500 4114 πατέρα.
514 4042 672 4094 inserendum
685 4041 746 4091 εἶναι
757 4057 771 4090 e
781 4056 826 4090 co·
886 4041 896 4066 ’
908 4044 1051 4093 Meminerat
1068 4045 1195 4093 Hesiodea]
1216 4045 1343 4092 sententia>
1356 4045 1387 4092 E.

293 4127 347 4177 dice
358 4137 417 4192 post
430 4128 478 4185 δεξ.
491 4124 569 4175 Chion
581 4122 775 4190 Εμὶεῑ.7ιπρὸς
787 4123 826 4171 ἅλ’
854 4123 901 4170 496
917 4141 923 4169 t
942 4127 1017 4171 Πολλὰ
1036 4124 1057 4170 δ’
1077 4125 1157 4190 ἀεργὸς
1176 4125 1234 4188 ἀνὴρ
1252 4133 1327 4178 κενεὴν
1349 4124 1387 4172 ἐπὶ

293 4211 329 4257 λον
347 4213 391 4271 μὲν
407 4206 472 4256 odito
495 4207 664 4274 βλασφημήσας
685 4211 730 4250 τῶν
755 4201 826 4252 ὄντων
854 4203 938 4251 ἐλπίδα
952 4207 1058 4264 μίμνων,
1078 4205 1187 4267 Χρηίζων
1200 4206 1308 4269 βιότοιο,
1328 4209 1388 4253 κακὰ

292 4286 380 4337 οὐδένα,
392 4284 478 4336 Codex
487 4283 576 4343 Paris,
587 4283 651 4332 οὒδέν
661 4280 827 4333 ποτε.Εῑιιίθῐη
854 4283 1006 4346 προςελὲξατο
1020 4283 1093 4344 θυμῷ.

294 4364 358 4415 verbi
377 4369 525 4434 βλασφημεῖν
544 4362 651 4428 syntaxis
669 4360 759 4410 ibidem
775 4358 827 4408 for·
887 4356 897 4382 ³
913 4358 1006 4416 Codex,
1019 4359 1144 4426 βλαθερᾶς,
1156 4371 1211 4406 oum
1222 4360 1387 4425 superscripto

294 4452 355 4495 tasse
363 4441 515 4493 restituenda
526 4457 540 4491 e
550 4439 645 4492 duobus
655 4439 741 4501 codd,
753 4442 827 4489 πολλὰ
854 4441 932 4504 epol„
945 4445 971 4484 ut
985 4435 1026 4484 liat
1035 4440 1157 4505 σγαλερᾶς.

1211 4519 1247 4576 18
