3684 5659
390 596 414 668 6
735 607 770 665 Γ.
799 606 872 667 ΤΟΥ
897 602 1153 667 ΠΑΧΥΜΕΡΟΥΣ

393 737 443 807 δέν
459 738 746 832 πραγματεύεσθαι,
763 741 830 806 ἀλλ’
847 745 1062 831 ἡσυχάζοντας
1078 741 1128 805 τόν
1145 741 1217 830 πρὸς
1234 739 1487 816 Πελοποννησίους

393 847 543 943 διαφέρειν
566 849 733 938 πόλεμσνί·
758 850 827 916 ὅσον
850 877 881 917 τε
902 856 962 945 γὰρ
981 853 1088 943 χρόνον
1108 850 1138 915 ἐν
1160 859 1197 939 τῇ
1217 832 1316 942 εῖρλίνρ
1337 852 1487 941 προύστην

392 959 504 1050 ὑμῶν’,
525 961 605 1038 ὅπως
629 970 688 1027 τῶν
713 965 901 1054 πραγμάτοιν
925 960 1091 1054 ε’ξηγούμην
1108 963 1235 1053 μετρίοις
1260 958 1343 1047 ὑμεῖς
1367 956 1485 1025 οἴδατε.

393 1053 509 1143 Ππειδη
524 1068 557 1136 δὲ
572 1072 587 1136 ὁ
600 1071 729 1159 πόλεμος
741 1072 868 1144 συνέστη
882 1108 928 1119 -
941 1072 1021 1137 ἀλλὰ
1032 1074 1062 1135 τί
1076 1066 1123 1135 δεῖ
1134 1079 1193 1135 τῶν
1205 1070 1355 1161 ἡμετέρων
1366 1071 1464 1162 λόγων
1477 1095 1487 1149 ;

394 1186 608 1275 μαρτυρήσατε
627 1184 654 1248 οἱ
672 1184 836 1275 παρόντες,
861 1187 886 1248 εί
904 1181 1070 1269 βούλεσθε,
1096 1183 1149 1253 τὴν
1173 1180 1244 1268 ἐμὴν
1266 1181 1333 1245 τότε
1355 1176 1489 1252 σπουδὴν

394 1297 446 1360 καί
460 1293 533 1387 ὑπὲρ
548 1303 600 1369 τῆς
613 1291 760 1386 πατρίδος
776 1291 925 1380 διάθεσιν,
946 1295 991 1361 ὅτι
1005 1297 1094 1382 μόνος
1107 1293 1199 1386 ἐγὼῆ
1215 1286 1341 1382 κομιδῇ8
1357 1291 1410 1357 σῦν
1427 1292 1488 1357 ὀλί-

394 1429 460 1495 γοις
476 1399 560 1493 ᾔδειν
578 1407 609 1468 τί
627 1407 808 1494 πράττουσιν
829 1399 865 1475 ἦν
883 1407 1017 1474 σωθῆναι
1036 1403 1123 1492 ὑμῖν·
1145 1405 1198 1467 καί
1207 1436 1220 1482 ,·
1237 1405 1263 1467 εί
1280 1401 1489 1489 μέμνησθε-

395 1512 463 1578 ἀλλ’
488 1506 539 1583 οῦν
561 1511 822 1602 ὑμᾶςοῦπομνήσωῦ
837 1516 888 1578 καί
911 1516 1075 1605 προοιμίων
1086 1513 1172 1620 ςἐμῶν
1189 1513 1263 1605 πρὸς
1278 1510 1357 1599 ῦμοῖς
1374 1529 1382 1545 ·
1403 1535 1420 1568 (ι
1436 1521 1490 1588 τῆς

397 1621 467 1711 μὲνι
478 1627 644 1716 γνώμης,’»
665 1625 785 1716 ἑλεγον,
805 1649 820 1683 τι
836 1634 889 1700 τῆς
904 1625 1016 1708 αὐτῆς,
1035 1621 1231 1704 ὦᾸθηναῖοι,
1247 1625 1294 1688 ἀεί
1308 1627 1432 1712 ἔχομαι,
1448 1625 1489 1710 μὴ

400 1743 490 1800 εἴκειν
512 1736 758 1812 Πελοποννησίοις
768 1733 790 1802 ⁵.
807 1761 825 1796 ν
847 1718 919 1802 Ᾰλλ’
943 1735 1045 1824 ὅμως,
1066 1733 1141 1827 ἐγὼ6
1166 1737 1182 1801 ὃ
1204 1741 1303 1801 ταῦτα
1324 1735 1489 1826 λέγωνκαὶ
1550 1770 1552 1775 ·

397 1849 685 1937 προοιμιαζόμενος,
710 1845 789 1934 ῦμοῖς
810 1847 930 1935 ἐπεῖχον
950 1855 1003 1923 τῆς
1024 1850 1126 1936 μοίχης
1145 1847 1191 1913 ἐπὶ
1216 1851 1345 1939 καιροῦ,
1358 1847 1411 1911 καῖ
1437 1846 1489 1911 θέ-

397 1954 503 2032 λοντας
520 1952 645 2041 ἐξιέναι,
666 1956 809 2043 μονονοὺκ
833 1956 862 2021 ἐν
882 1959 970 2049 χερσὶ
993 1960 1034 2022 τὰ
1057 1956 1135 2023 ὅπλα
1155 1956 1324 2040 λαθόντας,
1344 1956 1380 2020 οῦ
1401 1980 1489 2021 συνε-

398 2061 548 2156 χώρουνὟ,
571 2068 622 2130 καί
648 2068 799 2154 ἀκμαίους
820 2064 935 2160 ἄνδρας
957 2068 1011 2133 οῦκ
1036 2066 1135 2153 ε’ίωνθ,
1161 2069 1202 2156 μὴ
1229 2068 1321 2132 θέλων
1344 2067 1494 2155 ἐμπιπλρῖν

398 2174 529 2263 πολέμου
554 2177 607 2246 τὴν
633 2157 775 2248 Ᾰττικήν.
801 2156 860 2243 ὅτε
887 2175 921 2243 δὲ
947 2180 1000 2250 τήν
1023 2179 1198 2270 πολιορκίαν
1220 2187 1256 2267 τῇ
1280 2177 1492 2265 Πελοποννήσῳ

398 2287 637 2374 ἀντιμετέστησα
653 2286 786 2355 καίέδει
804 2294 846 2366 εἰς
862 2291 915 2362 τἠν
931 2291 1076 2377 πολεμίαν
1089 2289 1309 2365 ἀποθαίνοντας
1321 2290 1491 2377 μάχεσθαι,

399 2399 466 2462 τότε
483 2400 535 2463 καὶ
555 2401 690 2491 πονήρως
709 2399 743 2465 ἐκ
759 2407 813 2466 τοῦ
828 2403 933 2490 λοιμοῦ
950 2406 1078 2492 ἔχοντας
1095 2398 1213 2492 ἐξῆγον,
1236 2401 1289 2464 καί
1306 2402 1349 2474 εἰς
1363 2399 1413 2463 τὸν
1426 2401 1492 2491 περὶ

399 2516 453 2584 τῆς
477 2508 645 2604 ἐλευθερίας
669 2514 775 2602 ἀγῶνα
800 2516 852 2578 καί
874 2518 927 2578 τοῦ
953 2514 994 2606 μὴ
1017 2496 1111 2577 λιπεῖν
1133 2517 1185 2577 τοῦ
1208 2513 1394 2603 φρονήματος
1410 2504 1494 2585 τοίξιν

401 2613 502 2694 ἠξίουν
525 2622 576 2684 καί
600 2622 685 2710 παρὰ
706 2623 759 2692 τὴν
785 2621 984 2715 ὑπάρχουσαν
1006 2621 1101 2709 τύχην
1124 2620 1295 2714 ἐρρῶσθαι,
1319 2621 1371 2685 καῖ
1394 2614 1495 2696 ἔδειξα

402 2725 500 2815 ὑμεῖς,
520 2727 574 2792 σῦν
592 2727 666 2812 θεῷ,
686 2728 806 2816 πολέμῳ
824 2736 1009 2820 κρατοῦντας
1025 2729 1269 2801 Πελοποννησίων
1290 2725 1420 2822 ἀνδρῶν,
1442 2731 1494 2794 καί

402 2841 529 2926 ἔχοντας
555 2834 606 2923 μέν
629 2835 776 2926 Μέγαρα,
808 2841 935 2926 ἔχοντας
960 2833 994 2901 δὲ
1021 2840 1167 2922 Νίσαιαν,
1185 2841 1243 2902 καί
1266 2844 1414 2928 Τροιζῆνα
1442 2842 1494 2905 καί

403 2950 509 3038 Πηγὰς
530 2949 582 3012 καί
605 2927 759 3035 Ᾰχαίανζ
779 2948 830 3011 καὶ
851 2946 940 3012 πάνθ’
962 2945 1064 3022 ἁπλῶς
1086 2949 1126 3012 τὰ
1144 2947 1218 3012 ἐκεῖ.
1240 2950 1363 3012 Ποίντων
1385 2944 1430 3029 δ’,
1455 2950 1496 3024 ὡς

403 3059 502 3139 είκός,
521 3067 583 3132 τοῖς
600 3055 743 3147 λαφύροις
762 3055 978 3148 ἐπιτρεχόντων
995 3058 1047 3122 καί
1065 3052 1159 3145 μηδὲν
1176 3056 1193 3123 ὅ
1210 3083 1238 3122 τι
1257 3059 1298 3144 μὴ
1313 3058 1497 3146 ποιουμένων

439 3329 447 3357 ¹
459 3327 570 3394 Thucyd.
582 3331 596 3377 λ
606 3367 613 3390 ,
623 3331 655 3379 65
663 3349 670 3390 ;
682 3330 715 3380 cf.
732 3333 759 3391 1,
777 3332 831 3380 144.
963 3342 1050 3396 »γαμεῖν
1069 3328 1193 3401 Ἡρακλῆς·
1213 3331 1264 3398 εἶχε
1285 3334 1310 3382 δὲ
1332 3339 1372 3383 τὸν
1392 3340 1498 3396 ποταμὸν

438 3406 570 3474 'Thucyd.
583 3409 613 3466 2,
629 3410 669 3459 65.
965 3407 1071 3479 Ἀχελῷον
1085 3412 1142 3479 ἔρως
1154 3423 1196 3469 τῆς
1211 3417 1290 3480 κόρης.
1303 3408 1329 3461 '0
1341 3412 1366 3461 δὲ
1376 3414 1499 3480 ἀμφότεροι

439 3488 449 3514 ³
458 3488 531 3550 Cod.‚
542 3489 637 3553 κομιδή.
967 3489 1217 3556 δεδοικώς(ρτοροειιίῑ
1225 3489 1337 3540 Reiskius
1346 3493 1497 3559 ἀμφοτέρους,

441 3566 452 3593 ⁴
465 3568 501 3616 Ex
510 3568 621 3632 Thucyd.
640 3571 649 3615 1
661 3607 667 3628 ,
679 3569 736 3617 140.
967 3568 1033 3633 φοοδ
1043 3569 1122 3633 reperi
1133 3568 1157 3617 in
1168 3568 1273 3630 codice),
1285 3569 1404 3637 οὐδέτερον
1412 3567 1500 3632 (codex

442 3644 726 3706 “ὓοι1.,Πελοτιονησίοις.
740 3644 781 3695 Sic
792 3655 817 3694 et
827 3660 884 3694 mox
893 3650 942 3694 Πε·
967 3646 1030 3695 bene
1050 3646 1172 3714 οῦδετὲρῳ)
1191 3656 1327 3714 χαρίζεται.
1350 3653 1438 3704 Στήσας
1461 3642 1500 3697 οῦν

407 3732 539 3792 λοπσνήσῳ,
562 3736 587 3775 ei
611 3727 711 3790 passim.
734 3725 768 3773 De
793 3723 940 3788 duplicanda
968 3723 1036 3775 ἆθλον
1048 3733 1090 3781 τὴν
1105 3729 1237 3793 θυγατέρα,
1255 3727 1434 3786 διαγωνίζεσθαι
1448 3727 1501 3774 ἐκί-

408 3807 488 3857 littera
518 3821 551 3870 ny
584 3805 609 3854 in
640 3804 781 3870 compositis
812 3803 838 3851 id
865 3818 941 3867 genus
969 3807 1028 3852 λευε.
1048 3809 1096 3852 Καὶ
1115 3800 1227 3869 Ἡρακλῆς
1247 3805 1310 3851 ἐνίκα
1331 3806 1449 3864 παλαίων,
1472 3811 1500 3855 τὸ

408 3883 491 3935 monui
501 3883 533 3933 ad
542 3882 697 3940 Choricium,
711 3883 788 3947 p.89.
968 3888 1036 3948 κέρας
1055 3883 1190 3938 ἀνασπάσας
1213 3887 1254 3931 τοῦ
1273 3886 1392 3944 ποταμοῦ·
1412 3887 1452 3929 καί
1473 3891 1500 3932 τὸ

442 3960 612 4011 ⁰Excideranr
635 3959 694 4010 mihi
713 3959 771 4008 olim
792 3956 885 4006 vocuiae
904 3958 942 4006 ἀεὶ
969 3965 1030 4026 αἷμα
1052 3962 1130 4030 ἔρῥει,
1156 3962 1195 4029 ἀφ’
1220 3959 1246 4010 οὗ
1266 3964 1367 4026 Σειρῆνες
1388 3961 1499 4022 ἐγίνοντο.

409 4040 568 4105 ῖγώ.Εῑοπίω
578 4038 675 4104 quando
686 4036 813 4087 librarium
823 4049 942 4098 ago‚n0n
969 4039 1066 4089 Plenior
1087 4038 1166 4088 codex
1186 4040 1249 4088 9918
1268 4055 1275 4087 ι
1293 4038 1369 4106 ἔῤῥιι,
1382 4045 1422 4088 καὶ
1440 4044 1454 4095 ἡ
1471 4051 1502 4103 γῆ

408 4134 461 4168 sum
473 4119 567 4168 caeteris
578 4118 683 4169 librariis
695 4116 798 4167 felicior.
812 4113 895 4164 Obiter
906 4114 943 4162 si·
970 4125 1038 4169 τοῦτο
1049 4120 1155 4183 ἐδέχετο·
1165 4120 1249 4186 Qu...

409 4197 467 4246 mile
481 4198 571 4263 antiqui
587 4197 680 4248 librarii
690 4206 820 4262 peccatum
831 4193 855 4241 in
870 4192 943 4242 Liba·
1004 4196 1135 4262 ’Thuoyi
1171 4197 1205 4258 2,
1238 4195 1284 4253 213
1315 4194 1404 4244 collato
1436 4196 1500 4245 Plui.

409 4275 465 4336 nio,
483 4284 501 4324 t.
524 4275 565 4334 IV,
586 4293 610 4340 p.
626 4276 685 4338 855,
701 4273 831 4338 corrigam.
852 4271 943 4321 Locum
970 4277 1026 4326 Per.
1042 4277 1082 4326 33.

410 4367 533 4418 apponam
542 4354 678 4418 integrum,
692 4354 730 4403 cui
742 4368 791 4402 non
802 4350 876 4401 semel
887 4365 944 4414 pro-
1004 4353 1014 4413 ⁸ss
1028 4353 1098 4405 Conf.
1112 4353 1174 4404 Plut.
1189 4353 1244 4402 Per.
1260 4355 1299 4402 18.

411 4432 457 4482 sim
468 4451 474 4482 ε
485 4436 624 4501 Δηϊάνειραν
637 4440 679 4489 τὴν
690 4434 774 4500 Οίνέως
785 4433 890 4481 ἐόσῦλετο
901 4434 943 4492 μὲν
1007 4431 1017 4458 ⁹
1029 4432 1140 4499 Thucyd.
1154 4436 1181 4494 l,
1195 4433 1255 4494 1155
1265 4433 1295 4494 ἲ,
1307 4434 1347 4481 31.
