3684 5659
369 608 441 679 200
706 615 741 672 Γ.
768 611 841 671 ΤΟΥ
867 607 1121 670 ΠΑΧΥΜΕΡΟΥΣ

370 748 507 838 περιέχον
525 749 576 811 καί
595 746 628 810 τό
648 746 874 836 περιεχόμενον·
896 743 963 808 ἀλλ’
982 743 1035 808 οῦκ
1057 742 1142 818 εῦθός
1163 767 1225 827 τις,
1250 745 1337 835 ἀφείς
1357 743 1393 808 τὸ
1412 767 1468 835 ρι-

370 858 555 949 λάνθρωπον,
574 857 608 920 τὸ
624 855 764 946 περιέχον
780 856 969 944 κρατήσειεν.

419 968 555 1059 Περιέχει
572 969 690 1040 πάντως
711 967 729 1035 ἡ
752 964 839 1039 πόλις
856 965 905 1027 τὸν
923 969 1069 1055 Πειραιᾶ,
1088 968 1140 1029 καὶ
1159 967 1249 1052 νόμος
1268 967 1333 1029 ἔστι
1349 964 1421 1041 τοῦς
1438 965 1470 1030 ἐν

371 1056 1467 1170 ΠειραιεῖναυπηγουμένουςᾸθηναίονς’ξυντελεῖςτῷδημοσίῳγίνεσθαι.
1542 1089 1544 1095 “

371 1192 429 1254 Καὶ
453 1191 467 1253 ὁ
491 1189 579 1280 λόγος
601 1190 721 1260 πάντως
743 1183 926 1275 άμφίῦολος,
948 1186 1071 1276 πότερον
1086 1185 1156 1261 τοὺς
1178 1186 1207 1250 έν
1224 1195 1261 1274 τῇ
1277 1186 1363 1251 πόλει
1381 1167 1469 1258 Aen-

371 1302 492 1374 ναίους,
508 1333 556 1345 -
570 1297 624 1362 οῦκ
642 1296 780 1383 ἀλλαχοῦ
796 1298 869 1384 γάρ,
891 1293 958 1358 ἀλλ’
979 1292 1009 1359 ἐν
1026 1299 1226 1385 Πειραιεῖκαί
1246 1296 1333 1362 αῦτοί
1351 1321 1471 1370 ναυπη-

372 1416 495 1500 γοῦνται
510 1407 594 1477 --ίι
619 1407 706 1493 μόνον
734 1404 862 1478 ἐκείνους
890 1403 960 1479 τοῦς
987 1404 1016 1467 ἐν
1041 1410 1176 1496 Πειραιεῖ
1198 1406 1388 1494 καθημένους
1414 1409 1468 1472 καί

372 1518 632 1611 ναυπηγουμένους
654 1513 797 1591 ξυντελεῖς
819 1523 861 1600 τῷ
887 1510 1023 1602 δημοσίῳ
1048 1518 1183 1605 γίνεσθαι
1208 1513 1367 1601 βούλεται.
1393 1498 1467 1583 Ππεί

373 1632 471 1694 τοίνυν
491 1626 656 1716 άμφίθολον
674 1630 779 1707 τοῦτο,
801 1622 874 1688 λάθε
892 1649 944 1710 μοι
962 1626 996 1688 τὸ
1018 1626 1156 1716 περιέχον
1177 1630 1234 1692 κάν
1255 1626 1393 1703 τούτοις,
1415 1623 1470 1693 διά

374 1744 440 1826 τήν,
460 1740 500 1814 ὡς
520 1737 556 1803 σὺ
573 1737 687 1828 λέγεις,
706 1743 764 1798 τῶν
781 1736 877 1821 νόμων
893 1735 1074 1826 ἀσφάλειαν,
1094 1739 1146 1800 καί
1165 1746 1250 1812 ποῖος
1266 1737 1399 1802 ἐντεῦθεν
1410 1746 1469 1803 τῶν

374 1831 531 1920 Ᾰθηναίων
553 1844 710 1922 άξυντελης
729 1853 772 1930 τῷ
793 1840 930 1931 δημοσίῳ
950 1848 1036 1909 ἔσται
1055 1867 1122 1924 σοι,
1145 1828 1227 1938 θρᾷς
1247 1846 1278 1922 ές
1300 1846 1372 1913 ὅσον
1391 1873 1464 1940 προ·

376 1958 486 2022 θαίνειν
506 1959 519 2022 ό
539 1958 627 2047 λόγος
645 1948 729 2030 οῦτος
747 1951 834 2019 οῦδὲν
850 1956 982 2047 χρηστὸν
998 1979 1035 2044 πη
1052 1957 1136 2021 πόλει
1153 1957 1331 2047 ε’ργάζεται;

424 2054 583 2158 ίστόρηται
597 2066 686 2130 πάλιν
700 2076 763 2142 τοῖς
778 2071 984 2156 συγγραφεῦσι
1000 2077 1215 2158 προςχωρησαι
1228 2077 1271 2155 τῷ
1285 2068 1388 2160 Πέρση
1402 2068 1470 2144 τοὺς

375 2157 524 2252 Πλληνοις.
544 2158 616 2241 Ᾰλλ’
636 2175 753 2240 οίκοῦων
771 2201 816 2251 τις
834 2156 988 2260 Πλληνας,
1003 2180 1121 2264 νομίσοι
1136 2177 1188 2265 μἐν
1201 2182 1335 2262 πάντας,
1351 2181 1467 2267 νομίσοι

377 2286 410 2354 δέ
434 2291 486 2353 καί
512 2287 580 2362 τοὺς
605 2283 689 2362 ἰδίως
713 2287 931 2375 καλουμένους,
959 2282 999 2353 ὧν
1020 2270 1169 2377 Ᾱχιλλεῦς
1187 2285 1263 2382 ἦρχε
1284 2292 1319 2355 τὸ
1340 2288 1465 2368 πάλαι’,

376 2401 472 2491 λέγειν
492 2400 542 2463 τόν
565 2401 730 2489 γράφοντα.
750 2402 786 2462 Τί
806 2404 878 2489 γοῦν
888 2419 897 2477 ;
918 2393 1036 2473 δέξεταί
1051 2423 1096 2475 τις
1112 2401 1144 2464 τό
1161 2400 1301 2491 περιέχον
1318 2401 1465 2485 ἐνταῦθα,

377 2515 429 2576 καί
456 2511 570 2593 λοιπόν,
599 2511 694 2600 χωρίς
715 2515 768 2574 τοῦ
790 2507 917 2584 πολλοὺς
939 2510 990 2573 καί
1012 2508 1122 2584 οίλλους
1143 2511 1177 2573 τό
1202 2516 1337 2576 τοιοῦτον
1355 2507 1469 2588 ἀδίκως

379 2632 464 2710 σχεῖν
490 2616 621 2696 ὄνειδος,
648 2616 794 2713 προδόται
820 2628 873 2694 τῆς
896 2620 955 2683 οίπὸ
979 2619 1114 2710 πατέρων
1141 2616 1230 2696 δόξης
1252 2625 1304 2686 καὶ
1325 2605 1468 2695 Ᾰθηναῖοι

379 2731 579 2808 ἀκούσοντας
606 2712 763 2814 Ᾰθηναῖοι,
790 2725 813 2794 ὦ
836 2729 1035 2819 πολισσοῦχοι
1054 2733 1134 2814 θεοί,
1158 2733 1210 2795 καί
1235 2733 1302 2824 ἱερόι
1321 2745 1466 2822 μαντεῖα,

379 2843 431 2905 καί
449 2840 548 2910 κλεινίι
567 2840 721 2928 Σαλαμίς,
741 2842 792 2904 καί
811 2838 900 2904 πάντ’
918 2839 980 2904 ἐκεῖ
995 2841 1119 2931 λαμπροί
1137 2844 1188 2906 καί
1208 2843 1339 2934 μέγιστα
1355 2871 1468 2938 κατορ-

381 2944 526 3037 θώματαί

428 3063 475 3132 Μίι
499 3068 570 3152 γοῦν
594 3062 637 3126 ότι
658 3070 721 3136 τοῖς
744 3061 918 3153 περιέχουσι
945 3063 984 3124 τόι
1004 3064 1202 3152 περιεχόμενα
1224 3069 1466 3156 συνειςάγονται,

380 3179 466 3237 τοῦτο
487 3174 574 3258 μόνον
592 3173 733 3262 λογίζου·
759 3171 825 3236 ἀλλ’
845 3176 868 3235 εἰ
888 3173 989 3247 καλῶς
1006 3175 1056 3236 καί
1077 3168 1204 3249 δικαίως
1220 3179 1302 3263 ἔχει,
1326 3184 1352 3240 εἴ
1372 3201 1418 3252 τις
1439 3175 1469 3240 εἰι

381 3284 488 3375 μέρους
511 3283 595 3374 παρά
620 3291 677 3345 τῶν
705 3283 800 3369 νόμων
826 3279 1088 3367 καταδικάζεται,
1117 3285 1169 3354 τὴν
1195 3287 1326 3350 καθόλου
1353 3284 1469 3352 διδόναι

381 3391 468 3465 δίκην
491 3397 792 3488 καταναγκάζεσθαι.
819 3397 896 3479 Καί,
925 3399 949 3458 εἰ
974 3391 1114 3482 βούλημα
1137 3398 1228 3483 νόμον
1249 3408 1313 3473 τοῖς
1334 3402 1471 3489 χρυσίοις

382 3506 511 3570 εῦθῦνειν
527 3506 579 3576 την
597 3506 719 3595 πόρνην,
739 3509 871 3593 κείμενον
888 3505 920 3569 όν
940 3505 977 3568 σὺ
996 3511 1083 3569 τοῦτο
1100 3510 1223 3598 παρείς,
1247 3508 1340 3578 αὐτην
1361 3509 1471 3581 ἐκείνην

382 3614 622 3699 καταδικάζεις,
657 3612 807 3704 δημοσίαν
835 3625 927 3682 ποιῶν
954 3619 1006 3688 τὴν
1036 3618 1113 3693 έςαεί
1145 3617 1314 3710 ἐλευθέραν,
1351 3622 1409 3686 κᾶν
1435 3623 1472 3686 τὰ

384 3732 533 3813 αἴσχιστα
552 3722 685 3815 πράξειε.

431 3830 510 3904 Μηδ’
529 3831 591 3898 ότι2
610 3836 701 3924 πόρνη
725 3835 866 3925 λογίζου,
892 3840 1049 3902 κάντεῦθεν
1072 3847 1125 3914 τῆς
1146 3840 1288 3928 γυναικός
1308 3841 1349 3916 ὡς
1366 3843 1472 3929 οίτίμου

383 3947 566 4035 κατάτρεχε.
601 3945 696 4035 Πόρνη
727 3948 778 4010 καί
808 3953 915 4034 άτιμος
945 3946 1038 4019 αῦτη·
1071 3951 1158 4039 κοίγὼ
1184 3950 1262 4040 λέγω
1286 3955 1338 4016 καί
1366 3956 1473 4027 πάντες

419 4185 425 4210 ¹
437 4186 551 4251 Sequitur
562 4187 742 4253 Thucydidem,
757 4191 765 4235 1
777 4227 783 4247 ,
797 4190 810 4236 3
823 4209 829 4238 ι
842 4189 916 4253 Ὅμη·
941 4193 995 4254 μετ’
1006 4187 1121 4254 Ἀχιλλέως
1131 4194 1155 4241 ἐκ
1166 4203 1207 4249 τῆς
1213 4195 1350 4252 Φθιωτίδος,
1360 4195 1428 4261 οἵπερ
1436 4200 1472 4242 καί

384 4284 465 4330 ρος...
483 4268 559 4332 πολλῷ
577 4263 669 4333 ῦστερος
684 4267 719 4316 ἔτι
733 4275 772 4316 καί
784 4277 829 4316 τῶν
841 4275 917 4335 Τροϊ-
944 4278 1033 4333 πρῶτοι
1045 4270 1150 4328 Ἕλληνες
1161 4271 1227 4327 ἦσαν.

385 4351 429 4390 κῶν
448 4345 695 4409 γενόμενος,οῦδαμοῦ
712 4352 764 4402 τοῦς
779 4351 916 4410 ξύμπαντας
977 4345 1098 4396 ’Schol.:
1121 4352 1236 4400 ἀντίθεσιν
1261 4352 1473 4417 ἀντεγκλημοιτικὴν

384 4417 512 4482 (Ἓλληνας)
526 4422 652 4483 ὠνόμασεν,
673 4424 720 4473 ουδ’
735 4426 815 4481 ἄλλους
834 4429 847 4480 ἦ
864 4429 916 4480 τοὺς
944 4429 1015 4482 λῦειὴ
1029 4432 1166 4493 μετάληψις.
