3684 5659
807 609 965 672 ΜΕΛΕΤΗ
991 600 1034 672 ΔῙ.
1355 686 1357 689 ,
1419 609 1467 680 67

371 748 485 836 ραίνει,
514 749 567 810 καὶ
595 743 679 810 δεινά
703 746 810 830 ποιεῖ’,
838 751 889 813 καὶ
913 751 1054 838 ταράττει
1072 751 1122 812 τὸν
1140 745 1234 836 δῆμον
1253 751 1305 814 καὶ
1323 753 1378 826 τάς
1396 759 1467 828 ναῦς

372 864 434 921 άνω
456 860 509 922 καί
528 861 613 922 κάτω
634 858 769 950 θρυλλεῖ,
789 861 840 922 καί
865 860 922 923 κάν
945 867 1020 924 εἴτι
1047 863 1100 924 καὶ
1126 860 1245 950 γέγονεν
1270 862 1306 924 όιν
1332 862 1470 928 ἀνεκτδν’

371 969 513 1059 ἡγεῖται,
539 969 597 1033 κάν
621 971 771 1058 ἀνετράπη
789 971 828 1033 τά
851 969 973 1056 θεμέλια
990 979 1042 1045 τῆς
1062 967 1224 1062 πατρίδος,
1249 967 1335 1036 οὐδὲν
1355 977 1468 1060 νομίζει

371 1080 446 1170 πρὸς
463 1081 518 1149 τὴν
536 1088 594 1144 τῶν
617 1087 694 1150 νηῶν
719 1079 836 1144 ἐκείνων
853 1080 1055 1171 πυρπόλησιν·
1078 1106 1093 1136 ι(
1113 1082 1149 1144 Αἱ
1171 1090 1237 1157 νῆες
1250 1109 1265 1137 ν
1283 1082 1395 1173 λέγων,
1415 1088 1467 1149 καὶ

373 1215 388 1246 «
401 1192 435 1255 τὸ
454 1193 555 1278 μάτην
573 1191 798 1284 πυρποληθῆναι
815 1190 929 1266 ταύτας
945 1216 978 1273 ν,
998 1194 1049 1256 καί
1070 1194 1116 1256 «ό
1136 1195 1305 1284 στρατηγός
1321 1219 1336 1251 ι)
1354 1194 1404 1281 ἐμὲ
1422 1196 1470 1260 λέ-

371 1325 434 1391 γων
448 1325 464 1359 «
480 1303 554 1392 πρὸς
572 1304 601 1366 τί
617 1301 787 1366 κατέκαυσε
805 1302 919 1377 ταύτας
936 1327 968 1376 »ς
985 1305 1036 1366 καί
1054 1328 1067 1356 ν
1084 1303 1164 1394 μέγα
1179 1304 1282 1393 όφελος
1295 1314 1330 1392 τῇ
1345 1302 1469 1396 πατρίδι

373 1415 523 1501 ἀνῄρηται
539 1437 568 1476 ν.

325 1504 333 1521 ⁰
422 1505 511 1606 Ᾰλλ’,
530 1519 554 1588 ὦ
569 1520 663 1607 ’τοῖνζ
678 1525 865 1611 τοῦτομόνον
879 1520 1075 1601 δεῖσκοπεῖν;
1089 1527 1108 1596 ἢ
1123 1529 1174 1590 καῖ
1192 1526 1257 1613 μεθ’
1273 1527 1338 1601 οίας
1350 1528 1469 1616 γνώμης

372 1633 552 1725 γεγένηται;
577 1634 678 1699 Πολλά
702 1638 884 1725 πράττεται,
905 1637 956 1700 καί
975 1637 1079 1727 γνώμῃ
1098 1639 1260 1726 πράττεται
1278 1638 1394 1719 πάντα,
1416 1640 1468 1702 καί

373 1744 409 1808 ού
434 1748 592 1833 ματαίως,
620 1746 660 1820 ὡς
686 1752 723 1809 άν
747 1770 792 1822 τις
820 1749 893 1836 φαίη
919 1755 978 1811 τῶν
1003 1742 1095 1833 μηδὲν
1119 1743 1255 1811 εἰδότων.
1281 1750 1386 1822 Πάσης
1409 1750 1468 1839 γάρ

372 1852 512 1945 πράξεως
535 1861 604 1931 νοῦς
625 1859 677 1921 καί
702 1859 814 1933 σκοπὸς
833 1867 1030 1947 προηγεῖται·
1055 1858 1112 1920 κάν
1130 1857 1235 1946 ἀνέλῃς
1257 1859 1310 1928 τὴν
1330 1860 1467 1949 γνώμην,

373 1967 432 2031 κάν
450 1969 501 2032 τὸν
518 1969 629 2033 σκοπόν
647 1963 796 2058 παρίδης,
817 1970 907 2054 μόνην
925 1964 958 2032 δὲ
980 1969 1032 2037 τὴν
1050 1965 1156 2058 πράξιν
1173 1977 1306 2057 σκοπῇς,
1327 1969 1380 2034 οὐκ
1399 1966 1470 2035 οἶδα

373 2081 404 2142 τί
427 2079 465 2142 ἀν
489 2081 541 2143 καί
567 2081 648 2142 κατὰ
675 2075 801 2169 τρόπον*
825 2078 919 2171 ἐρεῖς,
948 2081 1055 2170 κρίνων
1080 2081 1119 2142 τά
1141 2082 1321 2171 πράγματα.
1347 2083 1405 2145 Καὶ
1431 2077 1470 2151 δὴ

375 2191 481 2254 σκόπει
499 2188 570 2254 καθ’
597 2187 738 2254 ἕκαστον.
764 2181 860 2265 Ούτος
884 2189 1022 2281 ἀφείλετό
1040 2214 1075 2276 με
1099 2191 1152 2260 τὴν
1178 2193 1353 2283 μάχαιραν·
1378 2195 1470 2280 τυχὸν

374 2299 564 2389 ἐγκαλέσεις.
580 2291 676 2374 Οὗτος
691 2292 776 2374 αὖθις
790 2301 961 2382 ηπάτηκεν,
981 2296 1063 2392 ύδωρ
1078 2296 1149 2375 δούς
1163 2300 1228 2365 ἀντ’
1242 2304 1375 2392 ἀκράτου
1391 2302 1469 2386 νόσῳ

374 2405 457 2498 δεινῇ
471 2410 720 2501 προςπαλαίοντι.
736 2412 771 2472 Τί
784 2415 873 2499 γούν;
891 2420 1067 2500 κατακρινεῖ
1079 2409 1202 2485 τούτους
1218 2412 1232 2474 ὁ
1246 2414 1351 2502 κρίνων
1365 2409 1467 2490 εύθύς,

375 2528 404 2585 εἴ
423 2545 482 2585 που
504 2545 533 2584 τι
556 2523 608 2584 καὶ
633 2523 838 2611 συμφήσειανς
857 2520 876 2590 ἢ
895 2519 1008 2606 μᾶλλον
1033 2523 1128 2583 ἔννοιά
1150 2545 1194 2596 τις
1212 2520 1335 2596 εἰςέλθοι
1353 2519 1471 2584 τούτουὸ

375 2635 440 2724 περὶ
460 2630 578 2714 αὐτῶν,
598 2632 639 2706 ὡς
656 2630 711 2695 οὐκ
724 2631 760 2694 ἀν
773 2629 1072 2720 συνομολογούντων,
1093 2632 1118 2692 εἰ
1131 2632 1171 2716 μή
1185 2655 1248 2705 πως
1263 2625 1346 2717 εἶχον
1362 2630 1470 2720 λόγους

375 2747 468 2808 εἰπεῖν
484 2744 752 2818 άποσκευάζοντας
771 2749 852 2832 σιρῶν
869 2744 908 2804 τόι
925 2738 994 2804 κατ’
1015 2739 1113 2805 αὐτῶν
1131 2740 1321 2830 ἐγκλήματα.
1341 2722 1417 2828 Εμοὶ
1437 2738 1470 2806 δὲ

376 2848 462 2917 δοκεῖ
482 2853 523 2928 ὡς
550 2853 602 2915 καί
625 2861 713 2916 πᾶσα
739 2853 908 2942 ἀναιρεθείη
930 2851 1105 2942 άντιλογία,
1127 2854 1178 2915 καὶ
1199 2852 1214 2916 ὁ
1233 2852 1357 2943 πρώτως
1377 2853 1470 2944 λέγων

376 2959 407 3038 ἐξ
432 2966 570 3053 ἀνάγκης
594 2958 850 3045 δικαιωθήσεται,
875 2965 900 3024 εἰ
924 2963 965 3048 μὴ
986 2963 1089 3052 γνώμη
1109 2965 1161 3027 καὶ
1181 2964 1295 3038 σκοπός
1311 2969 1470 3051 πανταχοῦ

376 3076 523 3164 κρίνεται.

424 3167 539 3276 θροῦσι
559 3193 631 3277 γοῦν
651 3176 750 3268 ούτοι,
770 3184 872 3271 ὁμέν·
894 3208 909 3238 ι(
929 3165 1095 3273 Ᾰφειλόμην
1112 3191 1202 3259 ὄντως
1222 3187 1274 3254 τὴν
1292 3190 1466 3276 μάχαιραν·

377 3296 457 3363 άλλόι
474 3299 587 3372 σκοπός
605 3297 669 3384 ἐμοὶ
690 3293 876 3386 ἐξαιρεῖσθαι
894 3290 1031 3359 κινδύνου
1049 3297 1099 3359 τὸν
1116 3299 1244 3383 ἔχοντα,
1265 3296 1310 3360 ότι
1329 3300 1468 3384 θυμοῖτο,

376 3409 429 3472 καὶ
447 3406 492 3472 ότι
513 3411 616 3482 ζητοίη
633 3406 738 3472 ἑαυτὸν
756 3405 951 3496 αὐτουργεῖν,
964 3405 1154 3497 ύθριοπαθών
1172 3414 1245 3481 ἴσως
1261 3407 1280 3476 ἢ
1298 3409 1349 3471 καί
1367 3411 1473 3492 μαινό-

377 3542 464 3605 μενος
479 3535 512 3575 ν·
531 3514 591 3582 ὁδ’
605 3519 719 3609 ἰατρός·
738 3542 752 3571 ν
767 3519 924 3594 ηπάτηκα,
941 3519 1004 3599 ναί,
1019 3518 1069 3580 τόν
1086 3522 1248 3598 νοσοῦντα,
1269 3519 1339 3599 καί,
1355 3516 1472 3607 ψυχρὸν

377 3623 458 3721 ὕδωρ
479 3631 686 3720 προςάγεσθαι
709 3624 954 3717 δυςχεράναντα,
981 3635 1112 3719 άκρατον
1135 3623 1169 3690 δὲ
1191 3630 1339 3692 ποθοῦντα
1359 3628 1471 3711 λαθών,

379 3739 444 3804 ἀντ’
460 3743 594 3830 ἀκράτου
610 3741 643 3804 τὸ
657 3735 737 3829 ὕδωρ
752 3742 960 3830 προςήγαγον·
982 3741 1033 3803 καί
1051 3739 1065 3802 ὁ
1085 3740 1215 3822 σκοπός,
1234 3741 1283 3803 ἵνα
1301 3741 1472 3830 θεραπεύσω

381 3852 430 3916 τόν
446 3854 608 3940 πάσχοντα
622 3876 649 3912 ν.

427 3963 463 4024 Τί
475 3960 572 4052 λέγεις
586 3961 600 4024 ό
614 3962 720 4052 κρίνων
734 3960 790 4038 σθ’,
807 3962 924 4028 ἀκούων
940 3961 1055 4025 τοιαῦτ’
1071 3962 1330 4052 ἀπολογουμένους
1345 3962 1469 4044 αὐτούς,

412 4207 687 4273 ’ΔεῖνοιποιιῖλνίτίιερΙ
704 4208 779 4263 39,ῐι
809 4211 829 4255 Ι.
975 4207 1089 4258 ³Schol.:
1104 4209 1207 4256 διάνοια.

410 4285 538 4336 'Videtur
566 4283 748 4334 rescribendum
778 4303 784 4331 ι
809 4289 912 4351 θρυλλιῖ,
975 4284 1066 4333 *Κατὰ
1076 4283 1171 4351 τρόπον]
1184 4283 1239 4331 vide
1251 4299 1276 4346 p.
1289 4283 1333 4340 46,
1348 4284 1407 4333 ικί.

377 4368 454 4416 κᾶνεί
467 4385 491 4416 τι
505 4366 805 4435 καῖ.γι’γονεν,οἰνικτόν....
823 4363 862 4413 Sic
877 4365 915 4412 lo·
976 4361 1098 4419 'Codex‚
1125 4363 1228 4418 τούτους.
1263 4359 1354 4427 Scripsi
1384 4370 1473 4423 τοῦτον,

376 4454 449 4495 cutus
462 4455 499 4495 est
509 4460 536 4509 p.
549 4443 592 4502 65,
608 4443 632 4491 9.
646 4441 683 4493 cf.
695 4459 720 4507 p.
735 4443 775 4501 58,
791 4457 816 4490 n.
833 4444 855 4491 3.
945 4442 1039 4492 scilicet
1053 4449 1091 4491 τὸν
1102 4447 1218 4508 κρίνοντι.
