3684 5659
736 616 893 680 ΜΕΔΕΤΗ
918 606 965 679 Γί.
1302 667 1305 672 -
1352 618 1398 687 55

302 759 416 827 κοινοῖς
431 753 554 835 τιθοῖτο,
569 752 640 834 καί,
656 751 737 838 εἰμὴ
754 749 968 840 πολιτεύομαι,
986 755 1038 819 καί
1053 751 1226 846 πρεσθεόω,
1243 757 1294 819 καί
1309 779 1400 848 στρα-
1465 738 1477 755 ’

301 871 408 954 τηρῶ,
436 858 515 927 οὕτω
538 867 591 927 τοῦ
616 863 727 953 τρόπου
753 857 906 948 διδόντος,
934 859 1054 929 οὐδὲτὸ
1077 864 1166 956 μέρος
1188 865 1226 929 διν
1246 866 1398 958 εἰςενέγκω

301 981 341 1062 τῇ
357 968 484 1066 πατρίδι
500 973 535 1037 τὸ
552 975 720 1065 χρήσιμον;
739 973 791 1038 καὶ
809 973 911 1052 νέους,
931 978 1104 1065 γεννήματα
1120 985 1244 1066 γενναῖα
1260 979 1399 1068 γενναίας

301 1081 448 1169 πόλεως’,
469 1084 562 1176 ὁρμὴν
580 1078 751 1155 ἐπιτηδείαν
772 1085 898 1171 ἔχοντας
918 1086 991 1177 πρὸς
1012 1085 1029 1151 ό
1050 1111 1080 1151 τι
1100 1087 1152 1152 καί
1177 1086 1319 1179 ῥέψειεν,
1344 1088 1397 1153 καί

301 1193 429 1286 ρέψειαν
451 1195 488 1260 ἂν
504 1200 579 1268 ἴσως
595 1191 649 1281 μὲν
668 1196 710 1268 εἰς
727 1194 840 1277 κακόν,
859 1201 934 1270 ἴσως
952 1191 987 1260 δέ
1002 1221 1037 1287 γε
1054 1199 1106 1262 καὶ
1125 1200 1167 1272 εἰς
1184 1197 1293 1283 καλόν,
1314 1198 1359 1287 ἐφ’
1377 1199 1398 1263 ἃ

303 1300 335 1368 δ’
350 1305 453 1403 ἂνκαί
464 1304 587 1396 ρέψειαν
600 1302 816 1395 κατορθώσειν
829 1301 982 1393 (τοιαῦται
995 1309 1055 1398 γὰρ
1069 1307 1101 1372 αἱ
1114 1317 1251 1398 γενναῖαι
1264 1302 1395 1400 φόσεις)·

302 1415 389 1491 νέους
401 1415 554 1491 τοιούτους
568 1413 623 1480 οὐκ
640 1414 677 1478 ἂν
691 1413 725 1478 ἐκ
739 1413 917 1504 φιλοσοφίας
930 1411 1105 1500 παιδεύσω,
1122 1419 1174 1482 καὶ
1189 1420 1246 1488 ἤθη
1263 1421 1398 1509 ῥυθμίσω

302 1525 417 1591 τούτων
435 1522 513 1591 είναι
530 1523 584 1613 μὲν
601 1524 746 1600 εὐπειθεῖς
763 1527 933 1616 πατράσιν,
955 1523 1031 1591 εἶναι
1053 1523 1086 1592 δὲ
1104 1531 1273 1605 πειθηνίους
1289 1537 1326 1618 τῇ
1343 1531 1401 1594 πό·
1477 1591 1479 1596 ,

302 1636 368 1722 λει,
398 1636 538 1727 γέρουσιν
567 1633 760 1726 ἐφεστηκόσιν
795 1632 905 1710 αὐτοὺς
939 1636 1124 1724 καθημένους
1158 1647 1212 1714 τῆς
1246 1634 1400 1732 καθέδρας

304 1742 511 1828 ε’ξίστασθαιθ,
528 1747 580 1811 καί
598 1747 759 1832 φαίνεσθαι
774 1742 827 1832 μὲν
840 1754 903 1820 τοῖς
916 1754 994 1811 πᾶσι
1009 1742 1192 1834 δημοτικοὺς
1204 1751 1257 1814 καί
1272 1758 1397 1841 πραεῖς;

303 1862 330 1923 εἰ
354 1854 388 1925 δὲ
413 1858 522 1948 πατρίς
545 1855 609 1923 ἐστι
635 1857 669 1921 τὸ
696 1851 951 1943 κινδυνευόμενον,
978 1850 1014 1946 (δ
1035 1859 1076 1945 μὴ
1102 1859 1218 1949 γένοιτο
1237 1853 1399 1950 πώποτεί)

303 1960 367 2035 τότ’
385 1963 461 2033 εἶναι
480 1967 533 2032 καί
550 1963 680 2042 ιτούτους
701 1968 889 2057 φρονήματος
910 1965 1026 2051 πλέως,
1053 1970 1104 2033 καί
1130 1973 1396 2061 παρατάττεσθαι,

304 2081 357 2145 καί
374 2080 538 2171 πειρᾶσθαι
554 2085 657 2162 νικᾷν,
677 2079 729 2142 καί
745 2076 797 2148 rim
816 2075 901 2142 πόλιν
917 2077 1088 2170 ἐλευθεροῦν
1103 2088 1162 2145 τῶν
1179 2076 1283 2147 δεινῶν
1296 2107 1330 2160 »3

352 2191 410 2254 Διό
433 2183 497 2255 τοιὁ
511 2193 618 2272 τοῦτο,
641 2184 831 2276 παρακαλῶ,
853 2181 962 2277 ἄνδρες
979 2185 1101 2253 πολῖται
1119 2192 1171 2255 καί
1190 2187 1395 2293 φυνδημόται,

304 2301 345 2389 μὴ
363 2301 418 2371 τήν
440 2307 499 2364 τῶν
522 2298 638 2365 πολλῶν
664 2297 756 2388 ὁρμὴν
779 2296 951 2366 κωλυθῆναί
975 2322 1065 2381 ποτε,
1095 2299 1191 2384 ἀλλά,
1218 2303 1308 2389 μόνον
1315 2349 1325 2385 ,
1353 2302 1397 2368 ὅτι

304 2412 419 2504 ὁρμῶσι
435 2408 577 2503 πράττειν
594 2407 667 2500 ὑπὲρ
683 2416 737 2483 τῆς
755 2407 887 2492 πόλεως,
909 2403 1136 2497 ἀποδέχεσθαι,
1161 2411 1212 2474 τὸν
1233 2407 1266 2474 δὲ
1291 2413 1398 2500 τρόπον

303 2530 357 2601 τῆς
373 2523 467 2614 ὁρμῆς
483 2521 502 2593 ἦ
519 2523 571 2586 καί
591 2516 728 2613 πράξεως
746 2518 787 2606 μή
805 2517 916 2593 ἄλλους
933 2518 1095 2585 ἐπιτιθέναι
1109 2527 1167 2584 τῶν
1182 2517 1300 2596 ἔξωθεν.
1316 2519 1397 2588 Οὐδὲ

303 2635 362 2727 γὰρ
378 2633 475 2722 λείψει
494 2629 566 2698 ποτὲ
585 2640 649 2706 τοῖς
666 2628 794 2722 φιλέρισι
812 2630 979 2720 πρόφασις,
1004 2630 1056 2695 καὶ
1078 2628 1095 2694 ό
1110 2654 1138 2694 τι
1155 2637 1192 2695 ἄν
1208 2656 1253 2708 τις
1270 2632 1397 2723 όρμήσοι

337 2874 346 2903 ¹
360 2874 403 2926 δίε
412 2873 489 2934 inira,
499 2876 570 2930 καλῆς
581 2871 696 2939 πατρίδος
707 2873 769 2920 καλὰ
782 2888 836 2933 γει·
863 2869 909 2920 eibi
940 2869 1064 2934 ignotum,
1087 2870 1244 2921 mediocriter
1268 2872 1398 2933 vestitum,

303 2963 409 3020 νήματα.
422 2952 451 3004 in
460 2949 647 3018 repetitionibus
661 2947 685 2999 id
699 2962 776 3012 genus
791 2945 836 2997 eibi
864 2947 909 3003 sed
932 2947 973 3014 qui
991 2962 1052 2997 voce
1072 2947 1196 2999 liberrima
1215 2966 1245 2999 ex
1267 2950 1321 3015 pari
1342 2966 1399 3000 cum

303 3033 406 3084 multum
414 3028 552 3098 placebant.
564 3029 736 3084 Aristaenetus,
748 3029 777 3087 2,
791 3027 840 3075 ιιι·
865 3025 954 3075 comite
974 3026 1016 3076 illo
1037 3030 1067 3075 de
1092 3029 1183 3088 Τιμόθεε
1204 3027 1332 3079 fabulatur.
1353 3029 1399 3079 Rei

302 3115 375 3163 καλοῦ
384 3111 470 3168 παιδὸς
484 3112 543 3166 καλὴ
559 3114 649 3175 μήτηρ.
663 3103 699 3154 lbi
716 3103 836 3154 Abreech.
865 3105 997 3153 novitatem
1006 3104 1117 3167 miratus,
1127 3117 1286 3170 percontatur
1297 3125 1324 3155 ιι
1336 3105 1398 3168 Quel

303 3201 328 3242 et
341 3190 408 3241 Bast.
426 3186 579 3254 Nicephorue
596 3183 720 3234 Chumnue
736 3183 761 3232 in
777 3181 838 3233 meis
864 3191 902 3231 εει
920 3192 961 3232 εει
980 3181 1118 3233 homme-ia
1130 3188 1160 3232 ιθ
1180 3184 1224 3234 Cui
1239 3200 1335 3246 eomes,
1348 3200 1398 3235 nou

303 3268 400 3320 Aueed.
417 3266 459 3317 Gr.
475 3275 494 3315 ι.
507 3263 537 3327 V,
552 3280 579 3331 p.
595 3263 639 3311 291
654 3281 660 3310 :
673 3269 762 3329 μητρὸς
773 3261 838 3311 εὔοι-
864 3261 916 3310 εἰιιε
933 3259 1085 3310 haesitatione
1105 3271 1233 3328 tractuque
1245 3261 1375 3313 verborum
1390 3283 1397 3312 ι

303 3351 357 3406 ema
375 3347 464 3402 ιίνοιθις
480 3349 591 3407 γιννημα.
614 3339 651 3389 lbi
670 3349 738 3389 nota.
756 3339 837 3389 Potuit
866 3339 991 3389 ιεέει....
1004 3339 1130 3388 c’eetmon
1141 3338 1302 3389 intendant».
1316 3339 1344 3387 lu
1354 3339 1400 3388 Se-

303 3425 429 3476 Chumuue
451 3421 592 3473 meminisse
614 3417 759 3468 Nazianzeui
787 3417 839 3466 iau·
863 3416 1099 3480 graisianieautem,
1119 3431 1146 3480 p.
1162 3418 1222 3474 105,
1240 3415 1324 3465 similis
1338 3432 1400 3466 nar.

304 3503 385 3554 dantis
395 3499 546 3553 Maccabeos
556 3498 598 3549 Οτ.
613 3499 645 3547 22
654 3534 661 3559 ,
671 3511 697 3560 p.
711 3498 758 3545 399
770 3514 776 3544 :
788 3517 837 3560 μη·
863 3503 931 3543 ratur
948 3494 1088 3553 historiola,
1107 3510 1137 3543 ex
1150 3508 1193 3543 ore
1207 3493 1333 3543 Scarrouia
1352 3509 1398 3544 ex-

304 3589 359 3650 τρος
374 3580 477 3644 ιθγινοΰς
496 3576 577 3642 rivaret
590 3581 731 3640 γεννήματα.
754 3572 838 3622 Theo·
864 3583 950 3637 cepta,
962 3571 994 3620 de
1005 3570 1097 3635 juvene
1106 3559 1213 3637 quoiiam
1223 3571 1313 3632 nobili,
1325 3583 1402 3637 quamv

304 3659 379 3715 dorm
398 3657 485 3711 prodr.
505 3654 587 3707 Rhod.
608 3655 638 3714 5,
653 3668 681 3718 p.
704 3652 749 3700 19⁷
769 3657 838 3701 :Kal
863 3649 991 3700 brevitatis
1003 3664 1076 3699 eausa
1089 3649 1199 3699 indicare
1209 3649 1240 3698 eit
1251 3649 1318 3700 eatis.

303 3749 345 3797 τῆς
353 3734 444 3794 Ἐνυοῦς
454 3745 496 3797 τῆς
505 3737 571 3805 φίλης
581 3734 638 3803 φίλα
647 3735 732 3802 ρριφη.
741 3728 838 3779 Seneca
899 3723 909 3748 ⁸
920 3723 994 3784 Cod.,
1004 3728 1185 3792 κατορθώσειαν.
1198 3723 1282 3774 Visum
1291 3734 1329 3774 εει
1341 3725 1400 3774 ecri-

304 3817 391 3882 Agam.
408 3815 479 3865 τινε
502 3815 605 3877 surgon
619 3807 741 3860 nobilibus
755 3805 838 3856 nobile
864 3796 924 3847 bere
948 3803 1116 3866 κατορθώσειν,
1141 3797 1206 3862 quod
1232 3797 1350 3863 pendebit
1368 3797 1400 3847 ab

304 3894 398 3946 civibus
410 3912 433 3944 ι.
443 3890 589 3942 Deetuehiue
598 3887 714 3938 Glorioso
727 3905 733 3934 :
747 3903 758 3929 τ
771 3883 841 3934 Trea·
865 3880 938 3943 ὁρμὴν
950 3877 1057 3940 ἔχοντες.

293 3971 405 4025 ἱσωλιλε
424 3971 543 4021 servitem
560 3965 712 4018 al'aimabie
730 3964 840 4013 euiraute
899 3953 996 4016 ³00d·‚
1006 3956 1084 4013 αὐτοῖς
1097 3956 1247 4020 καθημένοις,
1263 3953 1329 4018 quod
1342 3969 1398 4003 mu-

304 4051 379 4102 d’uue
393 4049 498 4101 aimable
509 4045 636 4098 maitreeae
649 4063 673 4094 ν.
688 4042 767 4104 Quum
775 4040 839 4090 forte
866 4033 965 4086 tandum
984 4049 1039 4084 εεεε
1059 4031 1141 4083 τείνει.
1159 4032 1256 4081 θοιίνυε
1274 4028 1398 4080 absolutus

303 4128 457 4181 meminerim
466 4123 758 4180 Glorioeilieetuchianae,
767 4135 839 4170 mon·
864 4115 904 4164 vix
914 4112 1029 4163 serendus
1040 4112 1103 4160 soret
1113 4119 1169 4174 post
1176 4107 1284 4158 dativum
1293 4113 1398 4176 ηὲρουοιν

304 4206 403 4269 eea-abo,
417 4205 525 4272 quodau
539 4200 669 4266 [ueritiam
681 4199 714 4250 ab
732 4198 786 4248 aliie
801 4197 839 4246 ia·
864 4194 900 4261 ἐφ.
917 4189 1022 4240 lionoris
1036 4202 1109 4238 eausa
1127 4185 1263 4236 senioribus
1278 4183 1398 4236 stantibus

303 4296 371 4343 amm
386 4284 488 4350 ignoro,
502 4281 551 4332 luci
563 4277 722 4346 pulcherrimi
736 4276 838 4326 fontem.
864 4269 978 4320 sedentes
987 4265 1089 4331 juvenes
1104 4261 1274 4328 assurgebant.
1295 4262 1397 4315 Viden.

303 4362 419 4431 Lyaimou
428 4377 503 4413 meua
514 4359 592 4427 quarti
600 4367 667 4410 aetus
677 4365 763 4406 octava
773 4352 839 4418 apud
865 4348 896 4400 ad
907 4345 1006 4398 Chorie.
1019 4359 1044 4409 p.
1060 4345 1100 4392 10.

304 4441 442 4494 Giurimum
456 4437 557 4491 offendit
572 4435 696 4488 homiuem
708 4430 837 4499 quemdam
897 4423 1015 4476 ‘Schola
1030 4425 1145 4488 ἐπίλογος.
