3684 5659
371 621 441 691 238
706 633 740 689 Γ.
769 630 842 691 ΤΟΥ
868 627 1122 690 ΠΑΧΥΜΕΡΟΥΣ

372 764 537 850 ἁλίσκομαι
553 787 568 821 ν
577 810 586 847 ,
607 766 712 854 φησίν·
735 789 749 820 (ι
763 762 823 828 Οῦ1
837 765 897 854 γὰρ
911 768 984 838 ναῦς
997 759 1177 853 προύδωκα·
1200 763 1254 828 οῦκ
1271 761 1387 840 ἐξεῖπον
1403 777 1462 842 τοῖς

373 876 491 965 ἐχθροῖς
509 878 548 939 τά
565 876 737 965 ἀπόρρητα·
760 875 793 940 οῦ
809 873 1078 967 παρεπρέσθευσα·
1101 874 1134 938 οῦ
1151 876 1185 938 τὸ
1202 878 1254 940 καί
1272 875 1338 962 τό’,
1358 879 1462 965 ἵναμὴ

373 984 450 1074 λέγω
468 985 538 1051 καθ’
556 983 697 1069 ἕκαστον,
716 985 860 1076 πέπραχα
875 1013 904 1048 ν.
1244 1063 1246 1066 Α

420 1097 460 1161 Τὸ
483 1093 533 1162 δέθ
548 1096 700 1172 τοιούτους
717 1093 831 1186 ἄνδρας
847 1098 1083 1188 παρασκευάσαι
1097 1107 1198 1161 πεσεῖν
1215 1095 1311 1174 οῦτως
1328 1102 1463 1193 αἰσχρῶς

372 1209 422 1272 καί
450 1209 561 1284 άθλίως
586 1210 642 1299 πρὸ
669 1216 726 1272 τῶν
749 1205 918 1297 ἡμετέρωνδ
940 1209 1052 1286 πυλῶν,
1081 1203 1125 1284 οἷς
1150 1211 1169 1278 ἡ
1196 1206 1249 1296 μὲν
1274 1210 1354 1299 τύχη
1381 1212 1463 1299 μόλις

371 1317 550 1404 ἐσπείσατο,
571 1319 608 1383 σῦ
622 1315 651 1383 δ’
667 1319 774 1410 ἐράνης
789 1321 840 1383 καὶ
861 1318 953 1383 αῦτοῦ
972 1322 1103 1384 Θανάτου
1120 1316 1303 1412 δεινότερος,
1325 1321 1381 1388 οῦκ
1397 1320 1464 1388 ἀθί-

372 1454 473 1516 κημα;
493 1430 527 1494 οῦ
545 1426 725 1522 προύδωκας
742 1436 815 1505 ναῦς
830 1440 893 1505 τοῖς
911 1430 1051 1522 ἐχθροῖς·
1072 1431 1140 1496 ἀλλ’
1158 1427 1274 1523 ἄνδρας
1294 1433 1459 1525 ἀρείκονς“.

372 1535 437 1602 Ori-r
455 1536 572 1616 ἐξεῖπας
588 1543 627 1605 τά
646 1543 802 1631 ἀπόρρητα
817 1550 870 1616 τῆς
886 1540 1017 1616 πόλεως·
1039 1532 1106 1606 ἀλλ’
1121 1537 1239 1618 ἔδειξας
1254 1544 1294 1606 τὰ
1308 1546 1462 1637 ἀπόρρητα

372 1656 424 1724 τῆς
440 1647 571 1742 φύσεως6
588 1651 633 1716 ε’πὶ
651 1659 709 1715 τῶν
726 1651 875 1742 ἡμετέρων
890 1659 1094 1743 στρατιωτῶν.
1115 1651 1159 1716 ot
1176 1652 1459 1745 παρεπρέσθενσας·

373 1761 440 1826 ἀλλ’
468 1764 616 1852 ὁμογενῶν
643 1759 760 1851 ἀνδρῶν
783 1762 835 1827 ἐπὶ·
860 1758 1003 1827 κινδύνων
1031 1763 1169 1850 ἐσχάτων
1195 1764 1359 1853 πρεσθείαν
1388 1765 1462 1830 ἀπέ-

373 1873 507 1960 πεμψας.

421 1989 457 2048 Τί
477 1989 586 2062 τοίνυν,
613 1990 638 2049 εἰ
659 1987 700 2071 μὴ
720 1989 800 2050 κατὰ
818 1989 934 2061 πάντας
953 1984 1021 2060 τοῦς
1040 1986 1166 2076 τρόπους
1182 1994 1235 2062 τῆς
1253 1989 1295 2062 εἰς
1313 1987 1366 2057 τὴν
1384 1986 1463 2053 πόλιν

373 2090 497 2170 ἀδικίας
514 2093 688 2187 ἐξήμαρτες,
710 2095 789 2161 ἀλλὰ
805 2096 876 2161 καθ’
890 2095 955 2180 ἕνα,
971 2099 1033 2179 τόν,
1051 2099 1092 2173 ῶς
1106 2097 1166 2187 ἐγὼ
1183 2097 1277 2188 λέγω,
1299 2101 1461 2188 χείριστον,

373 2203 567 2272 δικαιοῦσθαι
593 2205 720 2299 πειρᾷῆ
750 2205 868 2296 ύμοιον8
896 2208 990 2298 ὥςπερ
1016 2217 1071 2292 ἄν,
1097 2209 1244 2300 φονεύσας
1273 2212 1343 2274 τινά
1372 2210 1460 2298 λίθῳ,

371 2314 425 2381 εἶτ’
443 2317 558 2409 ἐκρίνου
576 2320 684 2411 (μόνον,
706 2316 898 2412 διϊσχυρίζου
915 2320 1010 2410 λέγων
1032 2321 1072 2395 ῶς
1092 2321 1160 2408 οῦχί
1183 2323 1305 2411 σπάθῃ,
1327 2324 1396 2387 οῦτε
1411 2324 1463 2410 μὴν

372 2437 466 2516 κοντῷ
483 2429 502 2500 ἢ
521 2429 603 2517 άλλῳ
626 2454 667 2517 τῳ
693 2427 848 2514 βέλειτὸν
872 2431 958 2519 ρόνον
980 2428 1205 2519 κῦτούρχησας.
1232 2427 1332 2497 Οῦδὲν
1359 2428 1463 2497 διοίσει

371 2547 485 2625 ταῦτα,
508 2539 662 2626 βέλτιστε,
682 2543 754 2632 πρὸς
773 2542 859 2629 μόνον
877 2542 911 2605 τὸ
928 2542 1014 2632 φόνον
1030 2540 1185 2631 γενέσθαι.
1206 2539 1313 2618 Οῦτως
1330 2547 1395 2632 ἔχει
1414 2546 1462 2609 καί

405 2813 524 2863 ¹Schol.:
538 2815 597 2881 ὅρος,
613 2813 675 2862 Vide
686 2829 710 2876 p.
725 2816 806 2872 [thu.
819 2814 843 2861 θ.
932 2833 968 2862 σοι
992 2822 1066 2880 πειρῶ
1088 2817 1191 2882 βλέπειν.
1210 2810 1337 2876 interpres
1360 2812 1463 2864 latinus:

404 2888 456 2939 ’Τὸ
479 2899 518 2940 καὶ
539 2892 576 2954 τό]
597 2893 631 2939 sic
652 2907 677 2955 p.
699 2894 759 2953 175,
785 2896 823 2940 11.
842 2891 903 2940 Vide
933 2891 1069 2940 «mortalis
1082 2891 1179 2956 quidem
1191 2901 1262 2940 uatus
1277 2892 1357 2941 futura
1372 2891 1463 2957 perspi·

373 2985 398 3032 p.
411 2969 471 3028 150,
485 2986 510 3017 n.
525 2973 546 3018 l.
933 2985 989 3019 cere
1005 2970 1112 3034 suscipio
1125 2989 1147 3017 ν.
1164 2969 1214 3019 Sed
1228 2972 1290 3019 τάπί
1303 2990 1340 3020 σοι
1353 2987 1402 3020 ποτε
1414 2979 1465 3018 suut

405 3047 414 3072 ³
425 3047 524 3097 Schol.:
538 3051 685 3114 ἀνθοριπμάς.
933 3067 945 3091 ιι
958 3048 1059 3096 sutura»
1073 3047 1116 3096 sed
1131 3066 1142 3090 ι
1155 3064 1209 3112 quae
1221 3063 1234 3096 a
1246 3059 1269 3096 te
1280 3048 1407 3112 pendent,
1417 3064 1466 3113 per·

406 3125 522 3187 *dodum
533 3127 660 3192 ὑμετέρων.
933 3128 1011 3175 tinent
1022 3127 1052 3174 ad
1068 3139 1090 3176 te
1102 3146 1113 3171 »
1125 3147 1131 3186 ;
1145 3138 1169 3176 et
1180 3137 1217 3176 est
1227 3138 1302 3194 πειρῶ
1314 3129 1465 3193 imperativus

405 3203 499 3262 ι’θοθ.,
512 3207 641 3271 ἀρρεϊκούς.
656 3203 717 3251 Vide
730 3219 755 3266 p.
770 3205 827 3260 231,
841 3219 866 3250 n.
880 3203 904 3250 i.
933 3206 1015 3254 sormm
1027 3206 1122 3254 mediae.
1133 3205 1254 3256 Verterim
1265 3225 1271 3254 ι
1284 3225 1296 3250 ιι
1308 3206 1419 3256 mortalis
1428 3205 1464 3268 qui

405 3279 529 3341 οἘῖειξοις
548 3291 579 3334 τὰ
604 3284 726 3351 ἀπόρρητα
750 3293 790 3338 τῆς
807 3280 902 3349 puseus]
932 3285 965 3332 sis
981 3294 1066 3343 uatus,
1081 3284 1175 3348 quaead
1190 3284 1465 3349 tepertineutatqueiu

374 3380 385 3402 u
400 3363 513 3426 mysteria
526 3373 616 3411 nature
631 3361 765 3410 revelavisti
785 3380 812 3418 »ς
829 3360 905 3409 oculis
933 3371 972 3410 tua
980 3372 1165 3426 suntputestate
1175 3363 1334 3412 considerare
1342 3373 1463 3412 conaturi.

371 3440 904 3505 exposuistihustiumetirrisurumimpieuc
931 3440 1006 3488 Addit
1026 3440 1062 3488 vir
1089 3441 1113 3489 d.
1141 3440 1324 3504 conjecturam,
1347 3445 1409 3492 τᾶπί
1430 3460 1466 3491 σου

373 3521 434 3570 ίαθε
459 3537 499 3570 eas
518 3533 600 3586 partes
619 3521 743 3583 corporis,
764 3535 823 3583 quus
844 3519 907 3567 cetat
932 3527 1003 3586 πείρα
1017 3523 1119 3583 βλέπειν.
1133 3519 1182 3567 Sed
1194 3530 1269 3587 πειρῶ
1282 3520 1466 3570 omuinusauis·

373 3599 463 3662 pudor.
474 3599 599 3661 Tyrtaeus,
617 3601 624 3643 l
639 3598 704 3658 Ab,
720 3596 842 3660 jacentem
860 3595 906 3643 de·
932 3597 1028 3646 simum.
1047 3597 1104 3656 Quis
1119 3613 1225 3661 uuquam
1239 3597 1360 3647 dubitavit
1376 3597 1407 3648 de
1418 3599 1466 3647 sin-

373 3675 457 3725 scribit
476 3677 593 3734 militem,
610 3678 749 3737 Αἱματάεντ’
769 3676 850 3724 αἰδοῖα
871 3681 907 3741 ρι’·
933 3677 1035 3725 ceritate
1059 3691 1144 3724 versus
1167 3675 1299 3738 Sophoclei
1321 3677 1386 3727 Phil.
1408 3677 1466 3725 149?

373 3758 424 3810 λαις
433 3756 454 3802 ἐν
465 3761 543 3821 χερσὶν
552 3755 644 3818 ἔχοντα·
655 3758 747 3821 Αἰσχρὰ
758 3755 811 3802 τάδ’
824 3755 907 3821 &pout-
933 3761 1007 3822 Πειρῶ
1017 3761 1043 3804 τὸ
1055 3762 1129 3822 παρὸν
1145 3759 1291 3821 θεραπεύειν.
1305 3756 1331 3805 Si
1343 3757 1403 3822 quid
1415 3766 1467 3806 tett-

372 3841 438 3895 μοῖς,
450 3832 489 3881 καλ
503 3840 624 3896 νεμεσητὸν
636 3834 703 3882 ἰδεῖν.
934 3834 1044 3891 tundunt,
1059 3835 1082 3881 iu
1093 3833 1218 3897 Euripidis
1226 3850 1308 3890 versu.
1322 3837 1417 3885 τᾶπῖεω
1427 3851 1466 3899 pru

406 3908 415 3934 ⁷
429 3917 514 3979 Πειρᾷ,
528 3929 539 3953 (ι
552 3911 677 3966 conaris».
694 3926 741 3958 uon
755 3918 906 3958 «conatur».
934 3916 1036 3962 τάπίσοι
1046 3910 1467 3976 rescriberem,isidoroduce,cujus

374 3990 517 4041 Praecedens
535 3993 663 4056 ἐξήμαρτες
677 3989 702 4038 id
719 3998 788 4037 extra
810 3988 908 4037 dubita-
934 3991 1019 4041 similis
1040 3989 1171 4039 versiculus
1187 3989 1287 4039 affertur
1305 3990 1337 4040 ab
1350 3992 1464 4042 Arsenio:

374 4071 463 4120 tionem
475 4071 553 4136 punit.
563 4070 632 4132 Quod
644 4068 793 4120 monendum
803 4067 906 4128 videtur,
934 4075 1022 4127 Θιητὸς
1035 4077 1139 4138 περυκὼς
1148 4076 1178 4119 τὰ
1196 4071 1265 4119 ’πίσω
1279 4074 1375 4136 βλέπειν
1388 4081 1466 4137 πειρῶ.

374 4165 447 4213 quum
462 4167 540 4215 nuper
550 4150 678 4200 inciderim
691 4151 714 4198 in
730 4149 854 4214 Euripidis
869 4150 908 4199 lo·
936 4150 1011 4209 Quem
1025 4151 1065 4215 qui
1083 4150 1170 4198 recitat
1181 4148 1293 4199 Stobaeus
1304 4149 1354 4199 Tit.
1369 4152 1416 4208 22,
1429 4152 1466 4205 tt.

374 4240 443 4287 cum,
475 4241 576 4293 propter
616 4229 797 4293 ambiguitatem
841 4229 907 4278 verbi
936 4229 1466 4290 scribite&inteudrasiufecitvird.‚rd·

375 4315 447 4370 πειρῶ
457 4343 463 4363 ,
473 4307 538 4368 quud
550 4323 603 4356 esse
614 4317 695 4369 potest
706 4313 796 4375 πειραω
808 4307 845 4355 vel
856 4327 906 4355 πει·
935 4314 1006 4365 πίσω,
1022 4307 1082 4356 aiius
1098 4307 1211 4358 τούπίσω.
1227 4307 1289 4358 lliud
1307 4309 1395 4359 melius
1413 4307 1465 4358 mihi

374 4387 446 4446 ράου,
465 4382 529 4433 male
544 4384 703 4434 intellectum.
720 4386 848 4449 Euripides
861 4387 908 4432 Ar·
936 4386 1032 4448 quidem
1049 4387 1150 4437 videtur.

374 4459 435 4507 senii
448 4459 510 4507 Vioi.
523 4478 547 4522 p.
564 4462 611 4509 289
626 4467 721 4519 :dumis
735 4472 838 4529 περυκῶς
847 4465 906 4511 ‘citui
969 4463 977 4483 ⁹
991 4465 1089 4514 Schola
1103 4471 1260 4528 συλλογισμός.
