3684 5659
655 622 839 688 morunt
859 624 908 688 ET
930 623 1189 690 constarunt.
1407 631 1465 691 317

415 758 448 817 Ρ.
474 757 543 831 137,
565 780 591 823 c.
609 761 638 818 2.
659 759 781 841 Syntaxi
802 763 965 840 βλασφημεῖν
984 765 1020 829 εἰς
1039 780 1108 819 usus
1129 770 1172 818 est
1186 756 1343 831 Libanius,
1358 769 1382 820 t.
1401 759 1469 834 lll,

374 877 404 934 p.
423 853 504 927 251,
523 856 559 914 13
573 877 580 912 ι
594 857 754 934 βλασφημῶν
768 860 802 923 εἰς
817 866 985 936 χρυσοχόον.
1002 856 1115 929 Noster,
1129 877 1161 934 p.
1175 855 1234 915 169
1247 876 1256 911 ι
1269 864 1315 922 τῆς
1327 857 1362 921 εἰς
1370 857 1467 920 ἐκείνην

372 954 550 1030 βλασφημίας.
1200 989 1203 994 -

415 1047 446 1106 P.
462 1044 535 1119 140,
553 1048 572 1105 l.
588 1045 638 1105 14.
656 1046 728 1108 Cod.
745 1050 856 1124 λαίλαψ.

414 1142 448 1200 Ρ.
464 1144 536 1213 141,
553 1153 624 1200 extr.
638 1140 709 1200 cod.
723 1149 833 1209 τωτέως.

415 1237 449 1296 P.
464 1235 536 1309 144,
551 1260 581 1297 ιι.
598 1239 629 1296 5.
643 1236 698 1294 Ριο
710 1259 739 1317 p.
756 1240 812 1309 18,
826 1237 882 1317 leg.
896 1259 927 1315 p.
948 1238 1014 1296 118.

414 1332 448 1390 P.
462 1334 533 1406 161,
549 1355 579 1389 n.
596 1336 625 1391 1.
640 1331 866 1390 lllustrationem
878 1353 966 1411 quam
984 1330 1039 1390 feci
1051 1330 1137 1409 paulo
1149 1330 1306 1411 longiorem
1321 1333 1468 1411 repetitio-

374 1430 420 1488 nis
437 1433 539 1508 εὐγενὴς
557 1432 583 1495 ἐξ
603 1431 723 1506 εὀγενῶν,
739 1428 891 1487 cumulabo
905 1427 1044 1505 adpositis
1059 1426 1096 1484 de
1112 1424 1268 1484 Constante
1282 1440 1311 1486 et
1326 1427 1467 1487 Constan-

374 1526 414 1584 tio
425 1524 539 1583 Libanii
554 1523 661 1595 verbm,
679 1535 701 1586 t.
715 1521 764 1580 lll
775 1569 783 1599 ,
794 1544 824 1602 p.
840 1522 901 1580 276
916 1543 924 1578 ε
936 1524 1050 1600 λεγέσθω
1062 1520 1094 1584 δὴ
1109 1528 1197 1579 τὸτοῦ
1214 1524 1352 1589 Πλάτωνος
1363 1525 1404 1583 ἐπ’
1421 1527 1468 1580 αύ-

375 1631 445 1693 τοῖς,
461 1622 558 1698 μᾶλλον
573 1625 676 1684 τούτοις
689 1622 705 1681 ἢ
720 1621 824 1684 ἐκείνοις
842 1623 941 1697 πρέπον
959 1621 994 1684 εἰς
1009 1619 1052 1684 ούς
1070 1623 1171 1697 εἴρηται
1181 1660 1190 1688 ,
1202 1622 1245 1676 ὅτι
1260 1619 1357 1697 ἀγαθοὶ
1372 1619 1397 1677 δ’
1410 1623 1468 1698 ἐγέ-

375 1738 448 1774 νοντο
463 1715 509 1772 διὰ
521 1722 551 1773 τὸ
562 1723 639 1792 φῦναι
650 1717 676 1781 ίξ
688 1715 805 1792 ἀγαθῶν.
821 1711 1006 1792 Respioiebat
1018 1711 1144 1770 Platonis
1161 1711 1358 1772 Menexenum
1370 1757 1378 1784 ,
1393 1736 1420 1777 c.
1434 1716 1465 1774 6.

376 1811 531 1891 Inscriptio
545 1812 574 1868 in
596 1809 746 1868 Letronnii
763 1808 879 1889 Sylloge
895 1805 1083 1888 AEgyptiaca,
1104 1818 1126 1868 t.
1148 1805 1197 1881 Il,
1213 1829 1244 1886 p.
1259 1807 1318 1868 143
1331 1831 1339 1867 a
1352 1818 1404 1867 Kal
1418 1816 1468 1888 μί-

375 1930 425 1986 γαν
439 1910 468 1966 ἐκ
478 1909 598 1986 μεγάλων
611 1909 780 1986 Τονρράνιον.
795 1903 841 1960 lbi
856 1905 900 1962 vir
913 1902 1058 1962 eruditiss.
1073 1924 1103 1980 p.
1121 1901 1191 1962 150.

417 2002 451 2061 P.
471 2003 542 2074 166,
559 2025 591 2061 n.
612 2005 639 2061 1.
657 2001 790 2060 Formam
812 1999 893 2063 εἰδοίη
910 2011 987 2057 recte
1010 1999 1132 2058 mutavi.
1156 1997 1219 2057 Jam
1243 1998 1355 2078 pridem
1377 1999 1470 2058 είδοίεν

376 2097 475 2156 exulat
487 2095 627 2155 Herodoti
641 2094 782 2175 Calliope,
800 2091 839 2152 42
850 2137 859 2168 ,
872 2094 950 2174 quod
962 2093 1037 2152 male
1053 2093 1205 2153 Fischerus
1218 2115 1254 2153 ex
1265 2094 1340 2174 είδίον
1352 2095 1470 2154 deriva-

376 2189 444 2263 bat,
460 2192 685 2249 contractionem
704 2212 762 2248 non
776 2189 901 2248 ionicam
915 2188 1065 2247 Herodoto
1080 2189 1218 2248 tribuens.
1239 2188 1360 2248 Invenio
1376 2191 1471 2258 εἰδοίης

377 2286 405 2344 in
423 2286 540 2344 Antonii
557 2283 685 2366 Byzantii
701 2290 905 2366 Χρηστοηθείφι,
922 2282 941 2360 5
958 2283 997 2342 38
1011 2306 1019 2340 ι
1033 2283 1132 2361 μηδένα
1151 2286 1334 2361 ἀστεῖζόμενος
1352 2297 1469 2345 σκῶπτε·

377 2383 405 2438 ἐν
420 2381 444 2439 δ’
459 2383 490 2438 ἂν
502 2380 596 2447 εἰδοίης
607 2383 706 2462 βαρέως
720 2386 821 2458 ἔχοντα
832 2387 896 2459 πρὸς
911 2384 958 2444 τὰς
973 2381 1162 2458 εὐτραπελίας,
1179 2386 1266 2453 τούτῳ
1279 2377 1410 2455 μηδέποτε
1424 2381 1471 2437 λό-

377 2500 437 2554 γους
450 2479 490 2534 ἐπ’
505 2479 658 2540 ἁστειύτητι
667 2479 850 2556 προςαγαγεῖν
865 2476 1002 2538 ἐθελήσεις.
1014 2472 1123 2531 Debuit
1138 2473 1265 2532 seribcre
1279 2471 1372 2539 εἰδείης
1384 2473 1421 2532 ab
1434 2481 1474 2531 εί-

379 2570 458 2650 δημι·
473 2571 525 2630 sed
540 2571 624 2630 illum
639 2573 842 2651 pronunciatio
858 2568 969 2629 felellit.

420 2666 452 2724 P.
469 2664 547 2740 171,
563 2688 596 2728 n.
614 2664 642 2725 4.
667 2666 753 2725 Aliud
773 2667 890 2724 afferam
906 2665 1072 2745 exemplum
1096 2661 1261 2722 Rocheforti
1284 2662 1473 2744 indiligentia

379 2782 414 2820 ex
427 2761 535 2821 Fabula
547 2761 675 2841 AEsopia,
692 2782 779 2841 qnam
792 2781 828 2819 ex
840 2759 901 2837 ejus
913 2760 1081 2818 recensione
1092 2757 1184 2817 edidit
1199 2756 1338 2837 Corayus,
1353 2780 1380 2838 p.
1393 2760 1472 2820 333:

379 2859 528 2938 βονθρίμων
543 2882 584 2925 τις
598 2861 623 2916 ἐν
639 2864 693 2938 ὄρει
712 2865 808 2939 ταῦρον
823 2858 968 2916 ἀπώλεσεν.
983 2863 1086 2937 Ταῦρον
1100 2852 1144 2913 ούν
1165 2856 1298 2914 ἐπιθύσειν
1317 2861 1418 2934 ηύχετο
1436 2869 1474 2935 τῷ

380 2960 429 3030 θεῷ
442 2958 464 3011 εἰ
475 2966 512 3031 τῷ
530 2957 627 3034 κλέπτῃ
640 2957 750 3034 ἐντύχῃ.
769 2944 806 3022 ἐξ
820 2959 911 3035 αίθρης
925 2951 969 3011 ούν
987 2955 1045 3034 nipe
1061 2961 1155 3011 τοῦτον
1168 2955 1220 3012 tat
1241 2954 1341 3020 Merrae
1355 2956 1475 3032 ἐσθιόμε-

380 3072 471 3107 νον....
492 3049 648 3109 Schaeterus
671 3053 841 3132 βούθρίμμων
858 3050 990 3129 scripsit;
1013 3049 1139 3108 servavit
1166 3046 1296 3128 Corayus
1325 3051 1475 3129 βονθρέμονν

379 3144 457 3224 ιμιοι]
479 3144 595 3203 exhibet
610 3144 728 3224 quidem
743 3146 852 3217 codex,
868 3166 927 3202 non
942 3144 1116 3204 servandum
1130 3155 1241 3202 tamen.
1261 3142 1317 3200 Pro
1329 3145 1356 3211 ἐξ
1370 3148 1474 3223 αίθρης,

380 3239 459 3318 qnod
483 3237 673 3297 Rochefortus
693 3243 767 3299 mire
788 3240 876 3298 vertit
898 3266 912 3292 «ι
928 3240 978 3298 des
999 3241 1027 3298 la
1048 3240 1148 3318 pointe
1170 3238 1209 3298 du
1223 3239 1288 3315 jour
1302 3264 1331 3311 »‚
1351 3238 1477 3315 conjecit

380 3345 503 3411 uterque
513 3336 632 3410 ἐξαίφνης
642 3376 651 3404 ,
663 3353 730 3391 vore
746 3334 881 3401 omnino;
895 3346 924 3391 et
936 3333 1014 3392 favet
1022 3333 1142 3391 omnino
1156 3333 1247 3391 codex
1263 3332 1293 3389 in
1305 3353 1363 3411 quo
1375 3355 1476 3391 exara·

382 3444 443 3489 tum
458 3429 513 3510 legi
528 3431 644 3496 ἐξαίθνης
654 3471 662 3500 ,
672 3429 775 3487 litteris
787 3427 976 3487 nitidissimis.
988 3427 1025 3486 Et
1037 3440 1079 3486 est
1088 3430 1188 3506 ἐντύχῃ
1199 3425 1364 3486 lloeheforti
1376 3449 1455 3486 error
1466 3454 1473 3498 ς

382 3525 473 3584 codex
487 3529 596 3604 ἐντύχοι
612 3524 699 3604 idque
712 3525 797 3582 bene.

423 3624 457 3684 Ρ.
471 3625 542 3696 177,
560 3622 581 3681 l.
596 3623 626 3685 7.
642 3620 726 3695 Cod,
744 3620 867 3699 δίχεσθε.
879 3620 961 3679 -L.
977 3621 1026 3679 18.
1047 3619 1102 3676 Pro
1114 3619 1167 3676 ἔδει
1179 3617 1297 3676 fortasse
1312 3617 1404 3683 εἰδείη.

424 3718 458 3776 Ρ.
477 3723 548 3796 180,
563 3717 584 3780 l.
602 3719 630 3778 8.
642 3709 699 3777 Ῠπὸ
715 3727 902 3795 μοσταγωγοίς
916 3725 962 3773 καὶ
974 3715 1157 3794 παιδαγωγοῖς
1171 3715 1261 3794 ἀνῇξε]
1274 3714 1334 3792 jam
1347 3736 1379 3794 p.
1395 3716 1474 3790 172,

384 3836 414 3872 n.
431 3817 462 3888 2,
476 3815 580 3873 similia
597 3814 704 3871 notavi.
717 3812 869 3872 Videndus
880 3825 908 3871 et
922 3811 1083 3893 Wyttenb.
1097 3811 1135 3870 ad
1149 3811 1335 3891 Eunapiana,
1346 3833 1377 3892 p.
1396 3814 1452 3873 111
1465 3835 1474 3869 ι

384 3919 431 3974 τὴν
442 3911 529 3969 παῖδα
540 3915 614 3987 ἔχειν
629 3911 671 3987 ὑφ’
685 3913 796 3976 ἑαυτοῖς.
812 3906 1016 3980 Aristaenetus,
1033 3909 1070 3980 2,
1088 3905 1108 3966 5
1124 3929 1132 3964 ι
1148 3916 1277 3989 κόρην...
1291 3910 1331 3964 ἔτι
1346 3929 1476 3986 φρουρου-

384 4013 472 4086 μένην,
484 4016 529 4064 καὶ
543 4010 614 4084 μόλις
625 4009 676 4065 ύπὸ
688 4008 796 4082 φύλαξιν
810 4006 865 4062 ἐσθ’
879 4007 932 4067 ὅπη
948 4011 1155 4084 προκύπτοοοαι
1166 4016 1213 4070 τῆς
1225 4006 1318 4069 οἰκίας.
1338 4001 1382 4059 lbi
1401 4000 1476 4060 bona
1576 4072 1578 4075 v

384 4113 426 4160 est
443 4101 590 4163 Abreschii
603 4101 753 4160 ‘annotatio
765 4099 856 4159 Lectt.
874 4121 905 4178 p.
918 4101 996 4172 212,
1014 4097 1066 4158 sed
1076 4099 1127 4178 qui
1142 4119 1201 4156 non
1218 4097 1318 4156 debuit
1331 4097 1478 4156 remittere

385 4194 521 4255 lectorem
538 4195 575 4255 ad
589 4195 701 4255 Hemst.
716 4195 788 4254 Luc.
810 4194 846 4253 D.
862 4193 906 4255 M.
928 4194 960 4267 7,
983 4198 1020 4272 1,
1037 4213 1128 4274 quum
1151 4193 1192 4250 ibi
1206 4203 1346 4251 tractetur
1364 4190 1401 4251 dc
1416 4189 1478 4250 for-

385 4292 464 4351 mula
478 4296 521 4352 ἐπί
534 4315 587 4351 τινι
602 4299 737 4363 danuam
752 4303 780 4350 et
794 4291 857 4371 ipse
872 4311 932 4349 non
951 4289 1038 4349 debui
1052 4289 1121 4348 olim
1136 4288 1324 4349 Abreschium
1342 4289 1477 4370 inculpa·
1520 4343 1523 4348 .

385 4398 447 4446 tum
465 4388 621 4450 dimittere.
637 4389 783 4452 Lucianus
797 4388 836 4449 Ι).
853 4386 928 4446 Mer.
945 4390 980 4445 11
998 4409 1006 4445 ι
1023 4390 1074 4446 ὑπὸ
1088 4395 1172 4468 πατρὶ
1189 4385 1331 4466 φιιδομίνῳ
1349 4394 1479 4467 τρεφόμε-
