3684 5659
425 659 474 728 34
763 664 796 722 Γ.
825 662 899 723 ΤΟΥ
924 660 1178 722 ΠΑΧΥΜΕΡΟΥΣ

426 796 535 885 μεῖνον
547 792 656 860 δίδωσι
668 795 772 886 χώραν
786 796 819 858 τὸ
834 788 1040 879 ἐπιτήδευμα,
1053 791 1120 857 ἀλλ’
1134 794 1153 862 ἡ
1165 793 1339 884 προαίρεσις
1352 797 1520 886 προφάσεις

426 905 498 999 ὑπὲρ
516 915 569 982 τῆς
590 900 736 995 πατρίδος
754 903 895 995 παρέχει.
921 883 1014 994 ὀρμώ
1031 903 1110 994 πρὸς·
1127 903 1177 967 τὸν
1199 901 1340 996 τύραννον
1363 904 1518 990 ἀπελθεῖν,

426 1019 537 1108 γυμνὸς
554 1025 681 1107 φανῆναι
699 1023 827 1098 σκευῆς,
844 1015 896 1078 καὶ
917 1008 962 1088 οἷς
979 1017 1041 1102 ἔχω
1058 1014 1131 1103 πρὸς
1148 1013 1258 1078 ἐκεῖνον
1275 1014 1321 1078 ἐπὶ
1341 1004 1538 1107 συμφέροντιΙ

427 1130 617 1220 χρησασθαι.
630 1130 666 1190 Εἰ
679 1132 750 1216 γοῦν
764 1130 877 1200 ζητεῖτε
891 1125 1072 1216 ἀνῃρημένον
1083 1125 1192 1190 ἐκεῖνον
1208 1120 1295 1209 ἰδεῖν,
1306 1125 1340 1190 οὐ
1352 1122 1455 1202 δεξιᾶς
1468 1135 1521 1202 τῆς

427 1239 499 1326 ἐμῆς
515 1240 548 1303 τὸ
567 1241 666 1329 ἔργον.
686 1238 812 1330 Γλώσοῃ
834 1237 908 1325 μόνη
930 1239 1123 1328 τεθάρρηκα,
1141 1238 1214 1322 καί,
1237 1233 1342 1324 οἶμαι,
1366 1233 1420 1301 διὰ
1440 1237 1520 1303 ταὺ-

427 1375 480 1425 της
502 1351 772 1440 άνταγωνίσομαι·
799 1349 855 1413 κάν
879 1349 920 1435 μὴ
945 1347 1097 1439 φονεύσω,
1122 1347 1201 1412 άλλδι
1222 1350 1316 1412 πείσω
1340 1357 1457 1438 φυγεῖν.
1476 1351 1523 1412 -Εἰ

430 1464 515 1550 γοῦν,
540 1456 634 1535 οὕτως
657 1459 728 1548 ἐμοῦ
746 1454 933 1551 πράξαντος,
958 1467 1012 1534 τῆς
1032 1453 1206 1547 τυραννίδος
1227 1457 1519 1548 ἐλευθερωθήσεσδε,

431 1570 616 1658 μεμνέσεσθέ
635 1596 692 1657 μου
712 1571 758 1635 ἐπὶ
781 1579 834 1645 τῆς
856 1566 992 1660 δωρεαῖς,
1015 1568 1059 1634 ὅτ’
1076 1569 1122 1634 ἐπὶ
1139 1575 1192 1634 τοῦ
1212 1565 1408 1660 δικαστηρίου
1427 1570 1524 1634 καδί-

431 1705 497 1746 σετε
519 1705 555 1759 ν;
576 1685 600 1745 εί
620 1688 692 1772 γοῦν
711 1679 804 1756 οὕτως
822 1680 937 1771 ἔλεγον,
956 1682 1008 1745 καῖ
1029 1681 1160 1768 ἀπῄτουν
1183 1681 1237 1755 τὰς
1254 1678 1398 1770 ὑμετέρας
1414 1680 1521 1771 άσφα-

431 1791 513 1867 λείας
536 1787 555 1862 ἦ
575 1792 631 1877 μὴν
647 1788 892 1883 τυραννοκτόνον1
910 1791 1051 1880 ἡγεῖσθαι
1069 1791 1120 1854 καί
1140 1789 1232 1881 γέρας
1255 1789 1411 1882 παρέχειν,
1430 1793 1461 1854 τί
1486 1792 1524 1856 ἂν

432 1902 546 1992 ἐλέγετε
563 1904 646 1979 τίτε;
661 1898 722 1993 οἷρα
736 1903 787 1966 καί
804 1901 908 1988 σκέψει
922 1903 977 1965 τινὶ
992 1901 1066 1992 πρὸς
1082 1901 1233 1992 τὸνλόγον
1248 1897 1382 1980 ένέδοτε;
1398 1903 1451 1968 καὶ
1469 1902 1523 1968 οὐκ

432 2013 516 2088 εὐθὺς
534 2012 751 2104 έπεψηφίζεσδέ
767 2038 818 2100 μοι
834 2013 874 2076 τὰ
890 2011 966 2103 γέρα
979 2014 1030 2076 καὶ
1052 2007 1167 2102 δωρεάς
1185 2012 1219 2077 οὐ
1236 2017 1365 2105 μικράς;
1381 2016 1454 2105 Εγὼ
1471 2013 1525 2102 μὲν

433 2124 486 2188 οὐκ
505 2119 589 2210 οἶμαι
611 2121 741 2210 πολλῴ’,
760 2123 840 2187 ἀλλὰ
861 2125 913 2187 καί
932 2124 988 2212 πρὸ
1008 2131 1066 2188 τῶν
1087 2126 1181 2214 ἔργων
1200 2149 1236 2210 με
1259 2123 1392 2189 ἐκαλεῖτε
1415 2125 1452 2189 ἂν
1470 2125 1523 2190 εὐ-

432 2235 566 2327 εργέτην,
586 2236 637 2299 καὶ
656 2233 799 2323 μονονοὺκ
817 2233 848 2309 ἐς
864 2243 970 2324 χεῖρας
987 2235 1020 2299 τδ
1037 2233 1129 2325 γέρας
1145 2238 1319 2326 παρείχετε.

481 2346 580 2410 Δεινδν
599 2350 759 2436 τοιγαροῦν
782 2345 835 2408 καί
859 2343 937 2436 πέρα
959 2340 1090 2429 tertull,
1114 2348 1139 2409 εί
1167 2344 1414 2436 ἐπαγγελλομένῳ
1437 2344 1525 2431 utus

433 2455 602 2548 προύθέμην
618 2459 752 2530 ποιήσειν
771 2454 857 2530 εὐθὺς
874 2454 1007 2543 ἐμέλλετε
1026 2456 1078 2525 τὴν
1096 2455 1193 2547 ψῆφον
1209 2465 1262 2532 τῆς
1278 2459 1525 2547 τυραννοκτονίας

467 2676 804 2743 4δοιιιεεε,ἧμήνμιτνρ.
994 2688 1012 2725 ι.
1037 2679 1068 2738 2,
1092 2692 1118 2741 p.
1144 2678 1201 2728 492.
1228 2677 1353 2729 Chumnus
1377 2679 1402 2728 iu
1430 2679 1526 2730 Aneed.

467 2754 529 2803 ²Sic
543 2753 631 2803 codex.
647 2753 724 2813 Furi„
738 2755 778 2803 οὐκ
794 2753 872 2818 οἶμαι·
888 2757 965 2818 πολλῷ
993 2754 1065 2802 Novis
1094 2755 1169 2815 meis,
1190 2771 1247 2820 pag.
1270 2759 1298 2804 16
1313 2776 1318 2804 :
1334 2759 1474 2822 ἀδικήματα
1495 2766 1527 2809 τὰ

434 2831 488 2881 δέω.
511 2830 570 2888 Vel,
593 2831 632 2880 οὐκ
656 2829 737 2894 οἶμαι·
763 2834 842 2896 πολλῷ
867 2834 965 2895 μᾶλλον,
994 2831 1084 2894 ἔσχατα
1101 2836 1141 2880 καί
1161 2833 1223 2881 δεινοί
1242 2854 1296 2882 τινα
1312 2841 1351 2882 καὶ
1363 2841 1423 2900 πέρα
1437 2838 1527 2887 δεινῶν.

434 2911 503 2958 ἀλλά.
994 2908 1030 2956 lbi
1055 2908 1080 2956 in
1102 2917 1159 2957 nota
1184 2910 1298 2974 exempla
1321 2912 1439 2961 nonnulla
1463 2915 1529 2964 illius

468 2985 477 3009 ³
490 2984 531 3033 Sic
544 2995 568 3034 et
577 2983 756 3033 declamatione
770 2983 818 3031 lX:
834 2985 906 3034 δεινὸν
920 2991 967 3053 γὰρ
995 2985 1104 3034 formulae
1119 2988 1260 3051 profereus,
1280 2988 1391 3053 prolerre
1406 2989 1431 3040 in
1445 3004 1530 3044 mente

435 3067 462 3114 ἂν
477 3066 512 3120 εἴη
523 3069 562 3112 καὶ
571 3069 631 3130 πέρα
640 3065 730 3111 δεινῶν.
741 3060 772 3109 Et
784 3061 967 3128 Progymnastis
995 3063 1067 3112 habui
1083 3076 1108 3114 et
1122 3065 1328 3130 Aristophaneum
1345 3068 1444 3118 Thesm.
1459 3073 1527 3122 705:

434 3144 498 3192 inter
516 3141 636 3191 Rhetores
651 3140 753 3199 Walzii‚
775 3150 792 3189 t.
813 3140 839 3199 l,
861 3157 886 3205 p.
908 3143 965 3199 587,
994 3148 1077 3192 Ταῦτα
1092 3143 1144 3200 δῆτ’
1164 3143 1190 3194 οὗ
1205 3145 1270 3196 δεινὰ
1283 3150 1407 3214 πράγματ’
1424 3148 1474 3200 ἐστέ
1488 3158 1528 3200 καὶ

436 3223 485 3270 32:
501 3231 550 3277 πῶς
567 3216 605 3270 οὖν
618 3220 657 3271 σὐνι
671 3221 753 3281 ἄλογον
764 3224 841 3274 πάντη
853 3226 892 3268 καῖ
906 3226 967 3286 πέρα
996 3228 1144 3290 περαιτέρω,
1167 3222 1231 3285 Sed,
1251 3237 1366 3275 currente
1387 3227 1482 3276 calamo
1505 3239 1530 3277 et

437 3301 530 3359 δεινῶν,
547 3297 691 3349 Theodorus
713 3297 801 3347 Prodr.
827 3296 906 3347 Rhod.
937 3301 965 3357 6,
996 3300 1151 3351 vieiuislocis
1162 3303 1443 3370 uculosdecipientibus,
1455 3306 1529 3356 finem

436 3395 462 3442 p.
478 3380 525 3427 til
539 3398 544 3427 :
557 3375 597 3435 Ὠς
609 3379 673 3427 δεινὰ
682 3383 724 3441 μὲν
737 3383 768 3427 τὰ
779 3381 858 3426 πάντα
867 3383 906 3426 καὶ
917 3377 968 3426 δτι·
997 3395 1081 3429 versus
1093 3381 1191 3446 corrupi
1203 3382 1312 3433 scribens
1324 3404 1329 3432 :
1345 3390 1478 3450 πράγματα
1489 3392 1529 3433 καῖ

437 3469 480 3508 νῶν
490 3465 561 3526 πέρα.
572 3438 650 3518 idem,
660 3459 686 3518 7,
696 3472 722 3521 p.
734 3458 780 3505 317
794 3475 799 3505 :
810 3459 886 3506 Καλὸν
900 3463 968 3521 νομί·
999 3460 1079 3509 δεινῶν
1098 3466 1168 3528 πέρα.
1184 3460 1254 3525 Angli
1274 3463 1365 3526 paritet·
1378 3461 1527 3527 liquuntur:

437 3546 482 3598 ζων
511 3543 550 3585 καὶ
580 3540 649 3586 καλοῦ
680 3542 766 3592 παντὸς
800 3540 870 3603 πέρα.
907 3534 969 3585 Chio
1000 3539 1044 3586 uit
1061 3539 1080 3586 is
1094 3549 1206 3605 strange,
1221 3540 1252 3590 he
1266 3551 1331 3592 ueut
1343 3558 1375 3591 on
1388 3542 1529 3607 repeating,

437 3615 514 3680 Epist.
536 3615 578 3675 16,
598 3617 610 3661 'l
629 3635 635 3661 :
653 3618 735 3675 ἱκανή,
754 3616 841 3676 μᾶλλον
862 3613 887 3662 δέ
907 3620 969 3682 πέρα
995 3622 1094 3680 passing)
1114 3629 1245 3683 strange.»
1264 3619 1380 3686 Superest
1392 3619 1457 3687 quod
1477 3636 1531 3670 mo-

436 3699 477 3743 τοῦ
491 3697 568 3743 ἱκανοῦ
582 3695 771 3756 ἀπολογίατφιιοε
784 3692 969 3742 sententiarum
997 3710 1068 3745 neam
1087 3695 1118 3745 de
1134 3697 1190 3746 loco
1209 3698 1332 3748 Theodori
1347 3699 1433 3749 Prodr.
1449 3699 1530 3749 Rhod.

437 3771 509 3820 simili
524 3769 689 3835 comparanda
700 3770 778 3835 Epist.
790 3772 819 3831 3,
834 3770 863 3817 16
874 3790 880 3818 ι
891 3777 969 3821 ταῦτα
998 3776 1023 3833 7,
1042 3790 1067 3837 p.
1081 3775 1129 3822 305
1144 3794 1150 3822 ι
1166 3780 1180 3830 ἠ
1194 3776 1219 3824 δέ
1231 3781 1343 3834 ξανθότης
1360 3783 1489 3843 Τεράστιον
1504 3786 1531 3828 τὸ

437 3857 479 3915 μέν
489 3845 526 3900 οὖν
540 3849 566 3900 uir
575 3857 616 3900 τοῦ
628 3854 706 3899 ἱκανοῦ
716 3853 794 3912 μόνον,
807 3851 867 3899 ἀλλὰ
878 3857 917 3899 καὶ
928 3856 971 3901 τοῦ
998 3854 1114 3908 natiuis
1125 3853 1150 3901 δὲ
1162 3856 1269 3910 λευκότης
1350 3858 1414 3916 λόγον
1428 3861 1454 3904 τὸ
1465 3860 1532 3919 θάμ-

439 3935 499 3979 πάνν
524 3934 594 3996 πέρα.
618 3927 742 3976 Medieeus
771 3937 795 3976 et
822 3926 971 3978 Mazarineus
999 3933 1045 3986 6ος.
1065 3929 1101 3978 Ex
1115 3939 1172 3979 nuta
1192 3929 1313 3979 Gaulmini
1330 3931 1444 3996 suspicor
1465 3937 1532 3998 λόγον

439 4007 533 4068 codex,
557 4015 598 4058 τοῦ
618 4012 680 4056 πάνυ
701 4008 785 4056 πολλοῦ
806 4013 881 4073 πέρα,
902 4007 971 4056 etin
999 4024 1053 4058 esse
1071 4008 1185 4058 mendum
1199 4018 1311 4074 typorum
1330 4025 1378 4075 pro
1395 4015 1477 4072 λόγον,
1491 4015 1533 4079 qui

439 4087 515 4152 Regio
529 4090 626 4144 πολλοῦ,
645 4084 690 4134 sed
701 4100 732 4133 ex
743 4083 880 4133 additione.
893 4084 972 4135 Cube
999 4087 1097 4153 supplet
1109 4086 1232 4137 delectum
1250 4087 1355 4152 legendo
1369 4097 1442 4158 πέρας
1453 4095 1532 4155 λόγον.

439 4179 481 4214 rus
490 4168 575 4215 πολλοῦ
586 4162 713 4229 repudiat,
728 4172 753 4213 et
767 4178 797 4212 ex
814 4161 925 4227 Epistola
943 4166 971 4212 16
1000 4164 1049 4214 Sed
1057 4171 1117 4233 πέρα
1125 4181 1173 4214 uon
1183 4173 1255 4232 πέρας
1265 4166 1396 4231 legendum
1405 4168 1460 4220 luit.
1471 4168 1532 4220 Cum

438 4243 624 4307 intelligendum
637 4252 706 4307 putat
724 4247 811 4292 ἱκανοῦ.
825 4241 874 4291 Sed
888 4241 973 4292 debuit
999 4250 1060 4311 πέρα
1083 4244 1176 4310 primus
1204 4261 1247 4309 pes
1271 4243 1369 4297 brevior
1394 4259 1445 4306 est,
1467 4250 1533 4313 quod

441 4327 519 4372 ἱκανοῦ
532 4339 581 4372 uon
593 4332 675 4372 mente
687 4321 804 4386 intelligi,
818 4321 863 4370 sed
873 4321 972 4371 omuino
1000 4321 1115 4372 mendum
1135 4324 1160 4372 in
1180 4323 1266 4375 codiee
1286 4336 1412 4390 repertum
1428 4326 1533 4392 relinqui

439 4401 527 4465 repeti.
550 4400 632 4449 Malim
651 4399 764 4464 recipere
787 4403 872 4450 πολλοῦ
894 4400 971 4450 tribus
1000 4401 1092 4466 putuit,
1103 4417 1152 4451 uon
1165 4401 1238 4452 debet
1250 4404 1344 4453 auctori
1354 4403 1459 4454 obtrudi.
1473 4404 1535 4457 Pro-

371 4492 373 4498 *
440 4479 522 4530 datum
543 4477 677 4530 codicibus.
699 4477 817 4529 Aristides
835 4477 900 4530 Orat.
924 4480 969 4540 49,
1001 4495 1066 4544 pono
1080 4491 1160 4544 μεῖζον
1172 4488 1254 4547 λόγον,
1268 4484 1307 4534 vel
1321 4483 1380 4551 ὑπὲρ
1392 4487 1466 4547 λόγον.
