3684 5659
434 580 517 658 ιιί·
599 676 610 693 „
771 597 806 655 r.
835 595 910 656 τοι
935 593 1189 660 ιιικιωευοιι

429 726 477 795 θδν
501 734 731 821 προςπεσοῦσα,
757 729 823 815 οίμα
844 731 914 821 πυρί
939 725 1119 822 παραδίδως
1141 729 1264 815 ταύτην,
1286 729 1334 803 ὡς’
1349 728 1386 791 άυ
1400 726 1446 815 μὴ
1463 750 1525 819 πε-

429 841 523 930 ρισσὴ
540 841 700 932 φαινομένη
719 839 868 928 ἐμπιπλᾷν
886 844 944 930 ἔχῃ
963 841 1075 917 πολλῆς
1096 837 1208 917 ἀηδίας
1223 841 1274 906 τόν
1294 841 1472 930 ρήτορα;εἰ
1490 832 1527 902 δέ

426 952 473 1027 τίς
498 975 553 1015 σου
583 951 754 1027 καίάλλος
781 953 847 1040 περί
872 960 926 1027 τῆς
950 944 1032 1040 μιᾶς
1047 951 1159 1028 ἐκείνης
1182 950 1290 1037 βίθλου
1312 947 1471 1034 δεήσεται,
1497 952 1527 1015 τί

428 1064 563 1137 ποιήσεις
591 1064 681 1139 τότε;
708 1042 887 1153 Ᾰπόκριυοιι.
912 1063 1045 1153 Σκληρός
1071 1066 1203 1154 φανήσῃ,
1230 1065 1282 1128 καί
1311 1060 1345 1125 οῦ
1368 1056 1506 1153 παραδίξ

428 1171 481 1242 τὴν
510 1179 648 1258 αἴτησιν,
677 1173 730 1238 καί
759 1177 847 1237 τοῦτο
878 1173 912 1238 ού
942 1173 1124 1266 φιλαλλήλου
1153 1177 1263 1268 τρόπου
1290 1175 1342 1238 καί
1372 1172 1527 1263 φιλοπόλι-

429 1277 482 1357 δος
495 1281 528 1360 ¹3
549 1281 617 1346 ἀλλ’
636 1283 695 1347 ἀνὰ
713 1281 801 1373 μέρος
821 1285 966 1375 χρήσεις,
988 1285 1041 1349 καί
1063 1284 1153 1350 πόλιν
1176 1282 1223 1349 ε’πί
1243 1287 1351 1372 καιροῦ
1372 1304 1420 1346 σοι
1438 1284 1524 1346 ἔσται

429 1391 463 1456 τὸ
483 1387 625 1469 δάυειου;
1044 1388 1047 1395 ’

476 1482 561 1591 Ᾰλλρι
575 1501 613 1566 σὺ
628 1499 681 1588 μἐν
698 1497 775 1566 οῦτω
793 1497 885 1578 λέξεις
902 1508 991 1586 ίσως,
1011 1503 1063 1567 καί
1081 1501 1207 1576 πιθανός
1222 1496 1335 1584 δόξεις,
1355 1506 1526 1591 χωροῦντος

428 1616 481 1677 τοῦ
499 1614 679 1702 πράγματος
696 1611 749 1681 τὴν
768 1610 948 1700 ἀπολογίαν.
973 1611 1009 1671 Τί
1028 1604 1064 1672 δέ
1074 1633 1082 1685 ;
1104 1612 1166 1696 ἔχω
1185 1610 1273 1700 κάγὼ
1289 1617 1417 1679 Ιποιῆσαι
1435 1613 1527 1676 τοῦτό

428 1743 518 1805 ποτε,
537 1723 608 1804 καί,
629 1724 735 1811 καιροῦ
753 1718 826 1807 πρὸς
840 1718 893 1787 τίον
907 1718 1011 1804 μάχην
1022 1716 1227 1804 καλέσαντος,
1245 1714 1364 1784 διδόναι
1377 1720 1430 1790 τὴν
1448 1745 1526 1785 παυ-

429 1829 535 1895 οπλίαυ
553 1810 662 1922 ἑτέρῷ,
683 1830 736 1921 καί
761 1826 807 1891 ἐπ’
827 1827 926 1899 οἰκίας
949 1824 1153 1915 καθέζερθαι,
1174 1825 1229 1903 ἕως
1255 1819 1302 1913 οῦ,
1327 1834 1380 1893 τοῦ
1402 1824 1524 1949 δαὲείου

428 1963 479 2026 μοι
497 1937 755 2020 ε’πανασωθέυτος,
774 1934 905 2020 πολέμου
922 1937 975 1999 καί
992 1938 1103 2024 ιμάχης
1120 1940 1321 2026 άναμνησθῶ;
1342 1939 1423 2028 ταχύ
1441 1936 1472 2030 y'
1486 1941 1523 2004 ἂν

428 2046 554 2133 ἀπέλιπέ
567 2073 618 2134 μοι
638 2045 691 2110 σῦν
704 2053 747 2132 τῷ
760 2039 869 2132 δανείῳ
887 2047 940 2111 καί
958 2055 1046 2112 πᾶσα
1062 2049 1147 2124 πόλις
1165 2051 1218 2114 καί
1240 2045 1335 2138 δῆμος
1352 2053 1406 2115 καί
1423 2052 1537 2127 πάντα

427 2157 542 2231 πόλεως
559 2159 741 2248 πράγματα.

475 2265 555 2341 Τέως
573 2261 602 2329 δ’
621 2265 714 2352 ὅμως,
731 2269 756 2331 εἰ
775 2264 813 2330 σὺ
830 2271 965 2344 τοιοῦτος
983 2269 1049 2359 περί
1068 2270 1123 2345 τοίς
1141 2266 1283 2356 βίθλους,
1303 2269 1519 2362 προαιρέσεως,

427 2374 491 2445 εἰπέ
507 2401 576 2463 μοι,
593 2377 703 2461 πάθος,
723 2375 742 2446 ἢ
762 2373 904 2463 βούλημα
919 2379 1025 2465 νόμου,
1044 2379 1078 2442 τὸ
1095 2387 1225 2471 πρᾶγμα
1242 2381 1390 2465 θήσομεν;
1405 2381 1476 2464 καί,
1497 2383 1522 2444 εἰ

428 2485 480 2575 μὲν
496 2485 721 2580 προαιρέσεως,
738 2487 771 2553 ού
785 2488 858 2579 πρὸς
877 2488 987 2564 ἄλλους
1004 2479 1089 2564 οῦτος
1107 2490 1122 2553 ὁ
1141 2489 1248 2579 λόγος,
1268 2490 1347 2554 άλλά
1366 2492 1523 2580 προςήκων

427 2599 557 2680 σοί,καί
576 2598 655 2685 μόνῳ
673 2600 758 2691 παρὰ
774 2602 889 2675 πάντας
901 2602 966 2679 σοί,
983 2601 1035 2665 καί
1051 2596 1179 2675 δικαίως
1196 2603 1269 2665 σοί’
1289 2603 1313 2665 εἰ
1330 2597 1364 2665 δὲ
1380 2597 1522 2688 βούλημα

426 2711 536 2797 νόμου,
553 2703 649 2784 δεῖξον
665 2709 715 2773 τόν
728 2711 817 2796 νόμον
831 2709 932 2774 αῦτικ’
949 2709 1089 2800 ἑνεῃκώυ,
1110 2712 1162 2774 καί
1179 2709 1216 2774 σὺ
1233 2710 1286 2797 μὲν
1303 2716 1356 2801 ἔσῃ
1371 2712 1452 2776 κατὰ
1466 2712 1520 2775 νό-

426 2844 501 2907 μους
525 2822 663 2910 πράττων
687 2821 740 2884 καί
764 2822 849 2908 παρὰ
875 2828 968 2884 πᾶσιν
991 2819 1155 2904 ἐπαινετός,
1185 2819 1295 2896 ἄλλους
1320 2818 1353 2884 δὲ
1377 2823 1418 2908 μὴ
1443 2818 1520 2887 οῦτω

426 2935 586 3006 ποιοῦντας
614 2927 741 3006 δικαίως
767 2932 906 3019 αἰτιάσῃ,
936 2931 988 3005 ὡς’
1004 2929 1092 3016 νόμον
1119 2928 1233 3002 πόλεως
1259 2929 1517 3021 παραθαίνοντας.

427 3037 514 3107 Οῦτω
535 3044 670 3133 καὶπερὶ
690 3050 748 3105 τῶν
769 3042 846 3128 ἐμῶν
864 3047 990 3127 εἴποιμι.
1009 3043 1046 3104 Εἰ
1065 3040 1154 3131 νόμος
1172 3039 1284 3105 ε’στίνό
1305 3039 1427 3106 κωλύων
1443 3067 1522 3106 παν-

427 3151 631 3240 οπλίας.ἔχειν
641 3126 690 3217 τίν
705 3152 873 3245 στρατηγὸν
888 3153 939 3215 καί
957 3150 1034 3242 πέρα
1050 3156 1103 3215 τοῦ
1122 3130 1260 3236 δίοντος,
1282 3147 1334 3228 δός
1348 3153 1520 3242 ἀναγνῶναι

427 3260 614 3355 θαρρούντως
633 3270 676 3349 τῷ
701 3271 898 3355 γραμματεῖ·
925 3263 1083 3328 κάντεῦθεν
1100 3261 1186 3327 ἄλλοι
1205 3260 1257 3349 μἐυ
1280 3269 1375 3348 ἴσως,
1402 3256 1446 3338 οἷς
1465 3262 1521 3328 οῦκ

426 3366 461 3442 ἦν
477 3375 557 3462 ἔχειν
573 3372 687 3449 ταύτας
704 3373 737 3439 ἐκ
759 3377 916 3466 περισσοῦ,
938 3373 978 3449 ῶς
992 3373 1122 3464 φύλακες
1143 3375 1234 3461 νόμου
1252 3373 1517 3460 ἐπαινεθήσονται,

337 3478 341 3485 ’
427 3481 488 3574 ἐγὼ
510 3479 540 3547 δ’
554 3480 649 3575 ὑφέξω
667 3486 722 3567 τὰς
742 3480 831 3581 δίκας
849 3480 973 3560 οἰξίως’.
993 3484 1072 3555 Πλὴν
1090 3479 1120 3548 δ’
1140 3480 1209 3548 οὐδὲ
1227 3486 1317 3568 τότε,
1340 3488 1458 3576 θαρρῶ,
1478 3488 1520 3560 εἰς

426 3594 622 3683 νεωτερισμὸν
645 3590 981 3681 καταδικασθήσομαι’
1005 3593 1072 3658 ἀλλ’
1099 3597 1185 3659 ἔσται
1210 3594 1244 3659 τὸ
1267 3594 1405 3686 ἔγκλημα
1429 3596 1520 3682 νόμου

426 3702 616 3794 παράθασις,
635 3706 686 3768 καί
705 3707 822 3796 χαίρων
836 3702 951 3770 ῦποίσω
969 3705 1002 3768 τὸ
1018 3705 1077 3769 οἰπό
1094 3700 1209 3791 υόμωνί
1224 3705 1396 3794 πρόςτιμον.

475 3790 593 3903 Πσχον“
611 3815 780 3890 πανοπλίας
797 3816 876 3907 ἐγώ,
898 3818 989 3903 ἔσχον
1009 3815 1112 3903 χιλίας
1129 3816 1181 3879 καί
1200 3812 1332 3898 πλείους,
1352 3817 1522 3905 στρατηγὸς

428 3928 480 4002 ὤν,
501 3926 553 3988 καί
575 3929 693 4009 ταῦτα,
716 3919 740 3989 ὦ
757 3930 832 4010 Ζεῦ,
857 3921 934 3990 εἰδὲ
954 3921 1143 4009 βούλει,καί
1164 3922 1328 4014 Περικλῆς,
1351 3919 1382 3985 ὃν
1405 3918 1443 3992 δὴ
1467 3928 1519 3990 καί

428 4015 582 4122 ὀλύμπιον
602 4039 643 4111 εἰς
656 4035 759 4102 Πνύκα
775 4035 969 4128 κηρύττουσι.
984 4039 1020 4099 Τί
1031 4044 1073 4123 τῷ
1087 4016 1232 4122 ὀλυμπίῳ
1248 4033 1281 4096 τό
1295 4027 1386 4118 ίθιου,
1402 4039 1518 4121 είπατε,

426 4147 624 4238 παρακαλῶ·
649 4147 683 4212 ού
701 4149 737 4214 τὸ
762 4149 934 4214 κοινωνικόν
957 4148 1031 4239 πρὸς
1055 4144 1124 4239 τοῦς
1149 4145 1259 4220 ἄλλους
1284 4142 1380 4229 θεούς,
1401 4147 1457 4210 καί
1482 4139 1522 4211 ὧν

936 4262 956 4305 ο

460 4330 468 4356 ⁴
481 4330 594 4381 Fortasse
609 4336 770 4402 ριλιιιολίτου.
1024 4332 1106 4382 ’θίίιη
1120 4330 1206 4398 scripsi
1218 4331 1390 4397 υόμου,,ίορειι
1398 4330 1494 4381 calami.

461 4408 470 4434 ¹
482 4409 543 4459 Cod.
547 4447 556 4470 ,
571 4412 648 4470 ἀξίας.
661 4411 752 4475 Scripsi
768 4414 847 4472 ἀξίως.
1025 4409 1035 4436 ⁴
1048 4410 1142 4461 Schola
1155 4415 1278 4474 μετάθεσις
1289 4420 1330 4468 τῆς
1340 4413 1429 4468 αἰτίας.
1496 4402 1510 4415 ι’
