3684 5659
806 599 962 662 ΜΕΛΕΤΗ
987 589 1046 661 lA'.
1395 598 1467 669 223

374 736 425 807 τὴν
449 736 631 826 θεραπείαν,
659 738 711 800 καί
738 736 943 827 προςηκόντως
967 737 1235 824 θεραπευθησετοιι.
1258 739 1294 800 Ei
1318 732 1351 801 δὲ
1374 736 1468 828 λέγων

375 845 407 911 οῦ
430 847 560 929 πείθεις,
585 845 665 910 ἀλλά
686 847 771 936 παρά
793 852 884 934 κωφῷ
907 843 1001 934 λέγων
1023 841 1152 929 θοκεῖς’,
1177 848 1206 910 τί
1227 845 1329 911 λοιπόν
1352 847 1468 920 ἐστινὴ

375 957 413 1032 ὡς
431 957 563 1031 ἀνιάτως
582 958 703 1044 ἔχοντος
721 961 773 1020 τοῦ
793 959 949 1028 νοσοῦντος
970 954 1191 1041 ἐπιμελεῖσθαι,
1212 959 1264 1021 καὶ
1289 959 1468 1025 ἀποκόπτειν

373 1064 470 1130 τέλεον
477 1084 489 1145 ;
510 1065 551 1140 ὡς
568 1064 605 1129 ἀν
622 1067 727 1152 μήπως
746 1059 887 1129 θιαδοθὲν
903 1065 937 1128 τὸ
957 1065 1051 1128 κακὸν
1068 1064 1195 1140 πολλοῦς
1213 1063 1270 1141 ἕξει
1287 1065 1355 1142 τοὺς
1373 1095 1470 1155 μιμη-

373 1177 440 1251 τάς.
465 1171 559 1240 Εἶπον
580 1175 667 1266 κάγὼ
689 1173 853 1258 πολλάκις,
878 1177 1051 1264 παρῄνεσα,
1077 1174 1274 1259 ἐνουθέτησα,
1298 1177 1448 1249 ἠπείλησα
1456 1224 1466 1256 ,

372 1281 501 1376 ύθρισα,
518 1286 728 1376 ἀπεστράφην,
745 1280 811 1348 εἶτα
826 1285 877 1348 καί
891 1283 980 1348 πάλιν
993 1281 1074 1349 εἷπον
1087 1285 1296 1377 ἐπιστραφείς,
1314 1290 1365 1352 καί
1379 1288 1469 1353 πάλιν

373 1390 535 1478 ὦνείθισα,
555 1399 605 1459 νῦν
623 1391 675 1481 μἐν
694 1395 809 1477 ἠπίως,
831 1398 881 1457 νῦν
898 1388 1000 1458 δὲκαὶ
1019 1395 1155 1487 σκληρῶς
1172 1398 1281 1483 μετιὼν
1298 1399 1338 1460 τά
1355 1405 1407 1473 τῆς
1424 1401 1472 1462 θε-

335 1526 340 1533 ’
372 1507 514 1597 ραπείας.
534 1484 607 1570 Ᾰλλ’
626 1503 737 1579 ἐκεῖνος
760 1504 826 1567 ούτε
848 1513 910 1577 τοῖς
932 1501 1092 1594 στύφουσιν
1111 1503 1299 1591 ῦπεκλίνετο,
1323 1509 1390 1571 ούτε
1407 1517 1470 1583 τοῖς

374 1615 490 1708 ἱλαροῖς
508 1613 725 1703 μετεῦάλλετο·
747 1612 815 1679 ἀλλ’
833 1617 933 1700 ἔμενεν
949 1613 994 1678 ε’πί
1014 1620 1145 1701 ταυτοῦ,
1165 1616 1260 1708 ὥςπερ
1280 1618 1367 1682 εἰκὼν
1383 1618 1471 1704 ἀψυ-

372 1723 458 1816 χος’,
478 1729 656 1816 σχήματος,
679 1727 754 1818 πρὸς
770 1723 823 1811 μὲν
839 1725 892 1794 τὴν
909 1727 1022 1790 κακίαν
1041 1731 1099 1801 ζῶν
1116 1729 1168 1792 καὶ
1190 1728 1377 1817 κινούμενος,
1397 1731 1471 1822 πρὸς

372 1833 406 1902 δὲ
422 1838 477 1908 τὴν
494 1837 603 1928 ἀρετὴν
619 1836 721 1926 νεκρὸς
734 1837 786 1901 καί
803 1837 956 1911 ἀκίνητος.
973 1839 1008 1900 Τί
1021 1840 1118 1902 τοίνυν
1131 1834 1193 1903 ἔθει
1207 1864 1243 1927 με
1257 1850 1368 1918 ποιεῖν;
1390 1841 1466 1924 εἰπέ,

371 1948 445 2039 πρὸς
464 1946 559 2023 αὐτῆς
575 1955 629 2021 τῆς
645 1946 791 2021 ἀληθείας
808 1944 889 2025 εἰπέ,
910 1949 1074 2038 κατήγορε.
1094 1947 1139 2012 Οῦ
1162 1946 1314 2024 ζηλῶσαι8
1329 1950 1470 2015 τοῦντεῦ-

372 2060 433 2141 θεν,
454 2058 508 2122 καί
529 2056 680 2141 κολάσαι,
701 2058 741 2132 ὡς
761 2049 823 2120 οἷόν
841 2055 868 2119 τ’
886 2051 935 2142 ἦν,
955 2058 1004 2122 τὸν
1022 2059 1209 2137 ἀκόλαστον;
1230 2059 1284 2125 οῦκ
1304 2060 1471 2152 ἐπενεγκεῖν

371 2169 424 2239 τὴν
445 2170 554 2256 τομήν,
574 2169 626 2233 καί
643 2170 740 2242 πάθος
765 2167 857 2254 νομὴν
875 2165 959 2258 εῦρθν
976 2164 1144 2234 ἀθιάκοπον
1163 2180 1293 2251 σπησαι;
1311 2177 1362 2237 Δεῖ
1379 2177 1439 2265 γάρ
1446 2171 1469 2253 ⁶,

371 2276 477 2368 οἶμαι,
495 2280 547 2344 τὸν
564 2280 604 2354 ὡς
621 2279 741 2353 ἀληθῶς
756 2283 827 2342 ὄντα
841 2278 977 2368 πατέρα,
998 2281 1049 2343 καί
1069 2281 1110 2367 μή
1130 2285 1279 2368 σωμάτων
1296 2284 1384 2368 μόνον
1402 2309 1470 2373 γεν-

371 2392 503 2481 νήτορά,
531 2389 574 2477 μὴ
598 2390 686 2476 μόνον
709 2393 762 2478 ζῇν
784 2389 834 2452 τὸν
851 2389 914 2453 υἱὸν
933 2388 1038 2473 θέλειν,
1060 2389 1138 2454 ἀλλά
1155 2393 1207 2455 καί
1226 2391 1327 2466 καλῶς
1345 2397 1411 2481 ζῇν,
1431 2395 1472 2469 ὡς

371 2501 404 2567 τὸ
423 2498 477 2589 μἐν
492 2501 663 2590 ἀναγκαῖον
679 2501 732 2564 καί
751 2500 862 2582 κοινόν,
883 2500 916 2563 τὸ
935 2495 964 2562 θ’
982 2499 1015 2563 ἐκ
1032 2502 1208 2591 περιουσίας
1224 2504 1277 2566 καί
1299 2499 1390 2567 ῖθιον.
1409 2506 1469 2568 Καί

372 2611 466 2676 καλὸν
483 2609 537 2698 μὲν
559 2614 584 2674 εί
604 2616 694 2701 ἄμφω
718 2635 764 2686 τις
788 2613 853 2697 ἔχοι
878 2611 1024 2696 νομίζειν·
1047 2613 1072 2673 εἰ
1095 2605 1124 2673 θ’
1143 2601 1193 2673 οῦν
1215 2610 1293 2675 ἀλλά
1309 2621 1413 2677 νικῶσι
1431 2615 1471 2677 τά

370 2723 497 2814 χείρονα
505 2718 528 2805 ⁸,
546 2721 639 2786 καλὸν
656 2721 771 2808 μᾶλλον
788 2715 867 2806 μηδὲ
886 2724 939 2808 ζῇν
958 2719 1067 2783 ἐκεῖνον
1082 2719 1101 2789 ἢ
1120 2728 1223 2794 κακῶς
1241 2725 1293 2809 ζῇν
1312 2724 1442 2787 οίέσθαι.

420 2831 515 2897 Ταῦτ’
529 2838 592 2923 ἀρα
609 2833 696 2922 κάγὼ
712 2831 811 2923 πατὴρ
827 2835 880 2913 ὤν,
901 2824 925 2894 ὦ
943 2835 1015 2914 Ζεῦ,
1035 2832 1087 2894 καί
1106 2835 1240 2906 τοιοῦτος
1256 2826 1319 2896 οἷον
1335 2839 1398 2925 ἀρα
1416 2837 1467 2900 καὶ

372 2941 418 3008 ε’πί
449 2950 509 3008 τῶν
531 2946 625 3034 ἔργων
653 2942 824 3033 ἐγνώκατε,
854 2940 908 3005 οῦκ
935 2942 1057 3006 ἀνεκτὸν
1082 2940 1217 3031 ἡγούμην
1243 2939 1308 3006 οὐθ’
1334 2945 1470 3011 ὁπωσοῦν

373 3050 469 3130 οῦτως
493 3058 574 3144 ἔχειν
597 3054 648 3119 τὸν
672 3053 735 3117 υἱὸν
758 3062 811 3128 τῆς
833 3052 973 3142 γνώμης,
998 3055 1050 3117 καί
1076 3049 1153 3117 οῦτω
1176 3050 1385 3120 καλινδεῖσθαι
1406 3066 1469 3132 τοῖς

374 3167 499 3231 πάθεσι.

420 3277 481 3340 Καί
497 3278 527 3340 τί
543 3277 608 3366 περί
628 3273 759 3362 ἐμαυτοῦ
775 3272 867 3365 λέγω,
884 3274 958 3340 ὅπου
971 3299 1006 3364 γε
1020 3277 1071 3339 καὶ
1086 3277 1173 3339 παντὶ
1188 3278 1278 3367 πατρί
1293 3277 1373 3341 τοῦτ’
1389 3277 1469 3342 ἐστίν

373 3381 405 3461 ἐξ
423 3387 580 3478 ἀνάγκης,
598 3386 649 3450 καὶ
667 3380 713 3449 δεῖ
726 3389 844 3460 πάντως
858 3383 987 3450 ἕκαστον
1003 3388 1149 3449 νουθετεῖν
1166 3386 1216 3449 τὸν
1233 3387 1309 3469 υἱόν,
1330 3389 1465 3476 ἀνάγειν,

371 3495 541 3582 παιδεύειν,
567 3497 608 3570 ὡς
630 3502 669 3560 ἀν
690 3520 747 3561 που
772 3497 922 3586 χρήσιμος
940 3505 1003 3571 τοῖς
1022 3504 1133 3570 κοινοῖς
1150 3494 1282 3584 γένοιτο,
1304 3496 1355 3558 καί
1374 3490 1468 3580 μηδὲν

407 3797 473 3849 'Est
483 3795 638 3863 proverbium
650 3807 718 3865 κωρῷ
730 3794 907 3860 mammes
936 3794 1012 3861 τροῦς·
1032 3808 1058 3858 p.
1081 3792 1144 3840 156:
1160 3802 1224 3862 μιμῇ
1243 3802 1289 3842 τῶν
1310 3795 1397 3862 ἰατρῶν
1417 3799 1468 3850 τοὺς

373 3892 403 3927 ea
415 3893 472 3942 σιω
484 3879 523 3927 ἰπὶ
533 3886 580 3926 τῶν
593 3877 714 3926 ἀδυνάτων
727 3873 778 3923 dici
790 3881 905 3938 possunt,
934 3874 1059 3939 χρηστούς.
1074 3871 1102 3920 Ni
1119 3870 1207 3920 dixerit
1224 3876 1327 3934 ζηλῶσαι
1343 3870 1467 3930 absolute,

364 3955 398 4004 1ίιι
410 3953 507 4005 Αηεικί.
520 3953 581 4005 meis
596 3949 865 4016 Gr.t.1,p.=398.1bi
879 3965 905 3997 n.
935 3960 1082 4001 commatum
1103 3965 1157 3999 esse
1177 3954 1249 4016 ζήλῳ.
1276 3948 1347 4011 Quod
1370 3946 1466 4012 quidem

372 4049 399 4097 p.
420 4033 478 4093 167,
498 4032 588 4083 collato
606 4031 674 4080 Fixio
693 4047 715 4081 v.
740 4029 765 4079 d.
786 4045 808 4079 v.
827 4025 906 4092 ’ᾼδειν
935 4039 1000 4078 esset
1013 4028 1129 4077 biblicum
1144 4029 1215 4077 nimis
1222 4048 1229 4088 ;
1241 4027 1285 4076 sed
1302 4042 1357 4074 mox
1370 4025 1467 4073 nomine

372 4110 448 4161 Τίιοε.
462 4110 520 4161 Did.
530 4127 561 4176 p.
576 4113 634 4160 118.
933 4111 1000 4168 ζῆλος
1021 4105 1142 4155 abutetur.
1161 4104 1274 4153 Fortasse
1295 4101 1465 4161 scribendum,

405 4187 503 4240 *Eludw
512 4189 610 4255 ἄψυχος]
622 4188 654 4238 cf.
668 4204 695 4253 p.
713 4188 769 4247 185,
782 4203 808 4236 n.
823 4191 847 4235 1.
934 4195 1062 4249 ζημιῶσαι.

405 4265 416 4293 ⁸
426 4263 531 4317 Videtur
545 4283 599 4325 εεεε
615 4269 719 4330 ζηλῶσαι
730 4265 755 4314 in
766 4280 839 4314 sensu
852 4263 908 4313 imi·
967 4261 1070 4311 ‘Schok
1080 4281 1086 4309 ε
1098 4265 1166 4318 θέσις.

374 4344 458 4408 nudi,
478 4345 569 4397 omisso
591 4345 704 4402 nomine,
720 4343 834 4394 videlicet
856 4348 909 4399 τοὺς
969 4340 1109 4390 ⁵Homerus
1124 4339 1154 4388 ll.
1179 4342 1208 4400 1,
1227 4337 1275 4386 576
1287 4357 1293 4385 :
1307 4339 1357 4388 ἐπεὶ
1376 4343 1407 4387 τὰ
1425 4357 1466 4400 χε-

373 4423 477 4494 ἷιιτροῦς.
493 4421 536 4475 Siss
552 4439 579 4489 p.
594 4424 625 4473 (35
641 4443 647 4455 ·
663 4427 784 4487 μιμοῦμαι
801 4426 853 4477 τοὺς
869 4423 907 4471 ῑα-
935 4427 1013 4488 ρείονα
1028 4427 1090 4484 νικᾷ.
1102 4416 1164 4467 Vide
1176 4433 1200 4466 n.
1215 4417 1244 4466 ad
1255 4414 1353 4466 Choric.
1364 4431 1389 4480 p.
1403 4415 1445 4464 68.
