3684 5659
806 602 964 665 uotum
990 582 1042 667 τ’.
1401 603 1463 674 tot

375 732 507 812 ἀναξίως
526 735 581 806 τὴν
599 739 653 800 τού
674 731 775 823 δήμου
798 737 883 825 σχὼν
907 733 1036 829 δωρεάν,
1061 735 1167 828 ἀνθέξη
1188 739 1300 816 ταύτης
1319 737 1360 805 δι’
1379 741 1468 825 ὅλου,

374 849 428 913 καί
448 842 629 922 διὰταύτης
642 846 848 939 συγκαλύψεις
862 849 897 913 τὸ
913 847 1068 939 ἔγκλημα;
1088 830 1277 940 ίλρίστευσας
1290 850 1319 916 ἐν
1331 852 1469 940 πολέμῳ,

374 956 443 1023 ἀλλ’
461 956 497 1023 οὐ
514 955 680 1046 tapetem
696 958 750 1029 την
768 954 884 1048 δωρεάν
903 957 948 1024 ὅτι
970 961 1167 1051 περόνενκας.
1186 964 1245 1026 Καὶ
1265 961 1366 1028 λοιπὸν
1383 959 1472 1029 δίδου

373 1070 427 1135 καί
446 1065 614 1145 τάς-δίκας
634 1073 687 1134 τοῦ
704 1070 811 1160 ρόυου,
835 1065 933 1157 μηδὲν
953 1073 1033 1158 ἔχων
1050 1072 1136 1162 παρὰ
1158 1077 1211 1137 τοῦ
1236 1068 1351 1160 δήμου,
1378 1073 1424 1165 ἐρ’
1447 1068 1471 1161 ᾧ

372 1179 427 1245 καί
445 1177 656 1271 συγκαλύψας
672 1178 708 1244 τὸ
725 1179 778 1244 σὸν
793 1179 1013 1268 πλημμέλημα.

421 1290 473 1360 Μὴ
492 1290 554 1382 γάρ
579 1315 631 1377 μοι
656 1288 724 1381 λέγε
746 1289 792 1357 ὅτι
815 1285 916 1383 δωρεά
935 1297 1043 1373 τοῦτο,
1070 1294 1105 1358 τὸ
1126 1289 1220 1380 μηδέν
1243 1317 1276 1359 σε
1300 1294 1404 1361 tatem
1426 1295 1471 1362 ὅτι

371 1400 572 1489 πεφόνευκας.
589 1381 681 1465 tiron
696 1401 785 1487 φόνου
799 1403 859 1493 γάρ
873 1403 1071 1495 συγχώρησις
1088 1399 1190 1496 δωρεά
1206 1403 1261 1471 οὐκ
1277 1408 1357 1471 ἔστιν
1377 1404 1472 1484 οὕτως

372 1510 415 1587 ὡς
433 1508 547 1602 λέγεις.
565 1513 624 1577 Διά
639 1513 687 1593 et'3
706 1511 768 1603 ἐγὼ
785 1511 876 1604 λέγω.

422 1624 461 1686 Et
478 1619 533 1709 μὲν
549 1624 610 1715 γάρ
626 1622 717 1688 ἀλλον
735 1620 789 1710 μὲν
811 1622 909 1699 ε’τίθης
927 1622 977 1689 τὸν
993 1628 1047 1689 τοῦ
1066 1624 1157 1716 ρόνου
1179 1627 1299 1719 καιρόν,
1317 1627 1368 1692 τὸν
1383 1629 1469 1713 τότε,

371 1731 467 1817 ἄλλον
483 1727 520 1798 δὲ
534 1733 586 1798 τὸν
602 1741 655 1810 τῆς
674 1734 851 1825 ἀριστείας,
871 1733 921 1799 τὸν
938 1739 1002 1817 νῦν,
1021 1731 1103 1824 εἶχεν
1122 1736 1159 1801 ἀν
1175 1736 1314 1828 λόγουτὸ
1330 1737 1470 1830 προύοιλ-

370 1842 516 1932 λύριενον,
543 1846 595 1911 καί
624 1840 793 1932 ἀδικήματι
817 1843 1004 1936 εὐεργέτημα
1027 1848 1222 1937 παρετίθετο·
1247 1850 1299 1913 καὶ
1320 1855 1394 1924 ἴσως
1418 1850 1471 1920 τήν

372 1949 463 2026 δίκην
488 1950 654 2048 ἐξέτρευγες.
680 1935 754 2021 hirei
780 1951 814 2020 δὲ
840 1955 983 2047 σνγχέεις
1005 1955 1075 2032 τοὺς
1097 1938 1243 2048 χρόνους,
1273 1960 1325 2023 καί
1348 1960 1398 2024 τὸν
1421 1965 1471 2025 νῦν

372 2061 457 2131 τάτε’
482 2064 600 2157 λέγεις,
626 2068 679 2132 καὶ
705 2065 891 2158 ἀμφοτέρους
917 2063 970 2132 ἕνα
993 2077 1108 2149 ποιεῖς,
1134 2069 1175 2144 ὡς
1201 2069 1238 2133 ἀν
1262 2071 1348 2158 τάχα
1371 2066 1471 2161 δείξῃς

372 2178 453 2264 μετὰ
468 2185 523 2254 τῆς
538 2183 591 2244 τοῦ
609 2173 708 2266 δήμου
724 2180 846 2269 γνώμης
861 2174 980 2269 πράξας
1000 2180 1050 2244 τὸν
1066 2166 1165 2271 ρόνον,
1187 2179 1261 2246 λάὸε
1278 2182 1330 2246 καί
1350 2182 1400 2247 τὸν
1417 2187 1470 2248 τοῦ

371 2288 464 2379 μόνον
479 2288 585 2380 καιρὸν
597 2288 648 2355 τὸν
659 2287 751 2354 αὐτὸν
764 2285 831 2354 τίν’
843 2297 897 2364 τῆς
910 2291 1081 2381 ἀριστείας.
1100 2293 1179 2370 Καί,
1198 2289 1294 2382 ὥςπερ
1307 2292 1373 2356 τότε
1386 2294 1471 2382 παρὰ

371 2401 493 2467 πάντων
514 2400 555 2476 ὡς
574 2398 683 2492 ε’ναγίις
706 2402 914 2487 μνσοίττεσθαι
939 2399 1076 2487 ἔμελλες,
1098 2403 1237 2490 μυσάττῃ
1255 2403 1307 2465 καὶ
1326 2406 1394 2466 νῦν·
1416 2405 1468 2467 καί

371 2510 449 2601 πρὸς
471 2512 507 2577 τὸ
532 2506 645 2600 μύσος8
668 2513 687 2583 ἡ
713 2513 852 2604 ἀριστεία
878 2507 979 2577 οὐδέν.
1002 2509 1120 2587 Ταύτης
1139 2507 1173 2576 δὲ
1197 2512 1238 2597 μὴ
1257 2510 1467 2602 λογιζομένης,

407 2718 558 2783 ‘Fortaeoe‚
568 2725 608 2771 τὀν
624 2724 712 2770 οὖντὸν
727 2722 789 2769 τότε.
937 2717 1014 2768 molto
1027 2718 1147 2768 usitatius.
1158 2716 1259 2768 Joannie
1273 2717 1415 2767 Damasoeoi
1428 2721 1472 2768 λο-

406 2794 556 2856 ’Fortaeee.
567 2806 607 2850 τοι
618 2798 689 2850 αὐτὸν
701 2808 744 2866 τῷ,
757 2796 796 2848 vel
807 2803 846 2848 καί
858 2800 907 2848 τόν.
938 2799 1029 2866 γίδριου
1048 2796 1147 2847 damnat
1164 2808 1188 2848 et
1208 2796 1332 2848 emendari
1347 2795 1418 2862 jubet
1435 2799 1472 2846 vir

406 2874 492 2928 ’coe
506 2883 578 2941 μίσος
590 2886 615 2927 et
631 2877 724 2943 pariter
737 2875 846 2927 inferius.
865 2876 908 2925 Li·
937 2876 1004 2926 doct.
1035 2875 1084 2926 Sed
1108 2872 1189 2941 po'tuit
1217 2885 1243 2926 et
1267 2877 1385 2945 λογίδριον
1407 2875 1470 2934 diei,

370 2951 447 3005 bnt-ii
461 2954 552 3020 pateim
563 2956 629 3006 eirea
641 2965 725 3006 tonum
739 2953 791 3018 ejus
804 2953 910 3004 nominis
937 2954 1041 3021 quidni?
1056 2955 1126 3005 Nune
1144 2954 1242 3019 quidem
1256 2970 1309 3005 esee
1329 2955 1425 3004 videtur
1446 2954 1470 3006 in

371 3044 492 3098 peceant,
519 3033 600 3100 quod,
625 3034 825 3100 pronuntiatione
855 3032 909 3084 iiioe
936 3033 1472 3102 unu.Poeeideoexdonoauetorisnepz'iptev

372 3108 528 3178 decipiente,
543 3111 694 3162 confundant
706 3117 777 3177 μύσος
791 3122 816 3161 et
831 3122 909 3177 μῖσος.
937 3119 1038 3182 ρωνηθὲν
1057 3117 1090 3170 εἰς
1112 3113 1209 3170 κηδείαν
1226 3119 1254 3162 Α.
1278 3119 1360 3182 Κοραῆ
1378 3111 1422 3162 ὑπὸ
1441 3118 1470 3161 Π.

372 3187 436 3241 lude
449 3188 478 3239 tit
488 3191 673 3256 etgrammatici
682 3201 812 3256 utrumque
820 3205 908 3240 nomen
936 3199 1049 3260 Λαςοιρᾶ.
1063 3192 1155 3256 Panag.
1170 3191 1255 3241 Suteue
1267 3190 1392 3250 Leandro,
1404 3190 1472 3254 eujus

372 3282 423 3318 una
453 3279 568 3320 tractent.
595 3268 742 3320 scholiastes
771 3268 908 3334 Euripideae
937 3269 961 3318 in
977 3269 1034 3320 iibri
1051 3270 1230 3334 compositione
1245 3269 1348 3318 multum
1362 3268 1473 3318 adhibuit

373 3344 567 3409 Andromache,
582 3336 627 3398 1‘35
641 3367 647 3397 t
659 3351 743 3413 μύσος,
758 3354 786 3399 τὸ
798 3354 906 3413 μίασμα,
936 3363 1001 3399 cutae
1022 3363 1051 3399 ac
1068 3347 1199 3412 diiigentiae
1213 3372 1246 3382 -
1267 3344 1372 3411 (nollem
1392 3356 1472 3395 tantett

373 3425 482 3486 ὀξύνεται
494 3431 536 3476 καί
547 3432 626 3496 βραχὺ
642 3426 692 3491 ίχιι
707 3433 735 3477 τὸ
751 3445 773 3476 υ.
789 3435 857 3491 μῖσος
869 3427 909 3487 tt,
937 3436 1050 3491 negasset
1063 3437 1148 3476 auctor
1162 3425 1355 3488 elegantissimus
1368 3423 1471 3472 Leandri

373 3503 388 3553 ὃ
398 3510 490 3568 γίνεται
500 3506 548 3556 ἀπὸ
560 3511 601 3557 τοῦ
609 3510 722 3571 μισητίς,
733 3507 860 3557 ίιιτείνιται
870 3512 909 3556 καί
937 3505 974 3555 eui
984 3515 1009 3554 et
1019 3504 1141 3554 Wertheri
1150 3503 1269 3552 Goethiani
1279 3502 1472 3558 similitudinem,

374 3590 531 3652 πιριοπᾶται.
543 3583 635 3635 Eadem
653 3595 690 3634 est
702 3583 785 3649 regula
800 3583 910 3634 Moscho·
938 3601 992 3650 quae
1007 3582 1135 3633 manifesta
1151 3590 1202 3641 est;
1218 3595 1263 3629 nee
1274 3578 1377 3630 Foseoio
1390 3591 1414 3629 et
1425 3579 1471 3645 ipsi

374 3660 467 3725 peti-u.
486 3681 526 3726 ιχ.
540 3676 568 3727 ρ.
590 3662 644 3710 tto.
665 3661 849 3712 Restituendum
863 3664 911 3726 μύ·
938 3661 1031 3711 homini
1050 3674 1144 3724 graeco,
1167 3658 1309 3724 auctorique
1327 3658 1471 3707 Litterarum

375 3757 427 3797 σονς
437 3738 595 3790 Themistocli
606 3739 687 3805 Epist.
699 3741 714 3787 9
731 3739 802 3790 ιοῦδὲ
818 3740 911 3804 ίπιχω-
937 3740 990 3792 Jue.
1009 3739 1107 3790 Hortieii
1124 3738 1281 3799 suavissimo,
1295 3736 1472 3788 Wertherianae

373 3826 475 3887 ρήοομιν
492 3812 616 3876 Ἀθηναίοις
632 3824 675 3883 μὲν
694 3820 786 3881 ίναγίσι
805 3823 910 3883 γενέσθαι
938 3818 1079 3868 imitationis
1097 3816 1194 3881 negatio
1213 3829 1331 3883 prospere
1350 3815 1472 3876 cessit)-

374 3901 417 3946 eoo
433 3900 547 3964 ημστίρου
564 3903 659 3960 μίσους,
674 3903 713 3946 καί
728 3900 877 3962 παλαμναίου
896 3901 910 3954 η
939 3897 1023 3947 Suttus
1037 3897 1110 3961 igitur
1122 3897 1273 3964 εποδοσύρων
1283 3903 1325 3951 τὴν
1335 3895 1418 3944 ἄλυπόν
1430 3912 1472 3944 του

375 3974 499 4044 ἀλιτήριύν
514 3993 539 4025 τι
559 3981 686 4045 προςρίψαι
703 3986 733 4046 τῇ
751 3979 817 4026 πόλει
835 3977 847 4026 ir
870 3977 910 4027 ούκ
938 3977 1288 4045 ίράνηὸδὲομιος,ίπλησίαοε
1301 3979 1358 4039 πρὸς
1370 3980 1397 4022 τὸ
1409 3990 1473 4040 ορα-

374 4053 910 4122 ἄριστόν.Βθιιο(λαπγορίηγίίίοηα,μύσους....
938 4066 1000 4119 γεῖον
1026 4055 1067 4119 (τὸ
1093 4059 1220 4105 Γιλοτίυιον
1244 4057 1472 4120 ἀνθρωποσραγιίον,

375 4137 516 4200 προπρίψαι
529 4152 553 4184 τ.
566 4138 632 4184 πόλει
650 4132 689 4184 οὐκ
705 4135 746 4200 οἰρ.
760 4133 885 4184 Voeaiium
902 4155 910 4184 t
937 4133 1068 4182 vernacule
1083 4136 1108 4182 ία
1125 4128 1273 4196 ρκίίίοίίαο),
1291 4128 1343 4179 ιῖπι
1361 4129 1472 4198 λογίδριά

374 4220 400 4261 et
417 4229 431 4260 ιι
447 4210 562 4261 iaeillima
579 4211 728 4275 permutatio
745 4212 835 4277 poesim
851 4211 910 4262 obti·
938 4232 991 4261 τινα
1002 4218 1135 4275 μετανοίας.
1145 4210 1177 4259 Et
1186 4209 1260 4259 utet.
1272 4207 1374 4258 Schinae
1382 4207 1472 4273 Byzan·

374 4299 426 4342 eet.
447 4288 601 4353 Nicephorue
622 4289 742 4354 Gregoree
768 4290 907 4350 Florentio,
937 4290 985 4340 tius
994 4290 1030 4339 vir
1039 4289 1104 4339 doet.
1115 4287 1213 4353 scripsit
1223 4287 1348 4355 λογίδριον.
1357 4285 1472 4348 Usitatiue

374 4384 400 4432 p.
415 4369 464 4418 487
478 4387 484 4418 :
497 4374 536 4419 νῦν
547 4372 606 4425 πλὴν
619 4373 745 4433 πολιχνίων
758 4371 851 4432 ὀλίγαν.
863 4369 908 4418 Co·
937 4369 1034 4435 quidem
1047 4378 1084 4417 est
1097 4369 1228 4434 λογύδριον,
1241 4382 1288 4417 nec
1301 4375 1385 4416 tamen
1395 4366 1471 4416 altera

350 4495 353 4499 .
374 4445 421 4495 dett
444 4446 533 4507 Parit..
557 4450 695 4511 πολυχυίοιυ.
720 4447 782 4498 iilud
805 4457 842 4497 oet
861 4447 908 4496 hoe
937 4449 1013 4498 iornra
1023 4463 1122 4513 prorsus
1134 4445 1276 4510 rejicienda.
