3684 5659
1343 420 1352 449 t

751 620 909 683 ιιΕηΕτΗ
935 609 980 682 εἴ.
1340 616 1411 689 465

312 753 365 817 καί
383 758 422 841 τῇ
438 751 541 841 γνώμη
559 751 594 816 τὸ
611 751 735 844 πρέπον,
754 754 806 817 καί
829 760 872 839 τῷ
894 754 953 817 ἔθει
976 753 1009 817 τὸ
1027 754 1208 845 άναχκαῖον,
1232 758 1283 820 καί
1303 781 1340 846 τη
1356 757 1413 844 ἐμ-

311 862 394 951 φύτῳ
410 860 585 953 προαιρέσει
601 862 635 926 τὸ
648 862 721 937 τέως
738 861 935 926 ἀκολουθοῦν.
950 866 986 927 Τί
998 866 1070 955 γάρ,
1087 868 1112 929 εἴ
1130 864 1163 929 σὲ
1179 865 1231 953 μὲν
1245 868 1296 931 καί
1314 869 1413 958 πατὴρ

311 973 450 1065 ἐρευνῶν,
469 974 522 1038 καί
538 968 734 1064 παιδαγωγοί
752 978 908 1063 τηροῦντες
926 976 978 1038 καὶ
998 970 1159 1040 παιδευταί
1177 983 1409 1070 παραινοῦντες,

312 1084 424 1150 καὶτὸ
449 1091 600 1175 τραφῆναι
624 1083 726 1158 καλῶς
750 1089 880 1168 ὤνησεν,
907 1083 959 1171 ἐμὲ
984 1081 1037 1169 δέ,
1062 1086 1080 1156 ἢ
1106 1089 1158 1152 καὶ
1178 1088 1272 1174 τυχὸν
1296 1086 1410 1181 ἕτερον,

311 1191 407 1283 μηδὲν
425 1190 638 1286 συνδραμόντα
654 1197 754 1258 ταῦτα
761 1239 771 1277 ,
793 1189 870 1258 οῦτω
884 1203 937 1271 τῆς
954 1195 1050 1283 τύχης
1068 1192 1230 1282 διδούσης,
1252 1194 1319 1263 οὐδ’
1336 1200 1413 1292 ὠφε-

311 1305 374 1372 λεῖν
395 1304 427 1382 ές
449 1307 482 1371 τὸ
507 1302 630 1396 άκριῦὲς
653 1307 762 1392 ἔσχον,
788 1303 833 1394 ἐφ’
858 1298 937 1398 ᾧπερ
962 1307 1158 1380 ἀνεπίληπτον
1179 1312 1259 1398 ἔχειν
1277 1311 1327 1374 τὸν
1345 1307 1413 1394 βίον

312 1418 366 1482 καί
383 1424 427 1504 τῷ
443 1418 534 1482 παντί
542 1440 550 1494 ;
569 1417 655 1501 ἡμεῖς
667 1412 720 1502 μὲν
736 1407 787 1480 οῦν
804 1422 878 1491 ἴσως
895 1416 1031 1508 γέροντες
1044 1414 1123 1495 ἤδη,
1145 1422 1197 1483 καῖ
1216 1422 1250 1485 τὸ
1267 1420 1342 1486 πολὺ
1359 1429 1412 1496 τῆς

313 1528 436 1605 ἡλικίας
456 1528 663 1619 παρήλθομεν·
684 1530 946 1618 παρεχρησάμεθα
964 1524 997 1593 δὲ
1019 1529 1063 1620 ἐφ’
1082 1530 1202 1606 ἡλικίας
1219 1534 1271 1595 καὶ
1290 1541 1326 1621 τῇ
1342 1534 1412 1597 νεύ-

311 1664 399 1726 τητι,
420 1638 523 1705 καὶτὸ
541 1639 606 1713 ἔθος
619 1639 705 1730 παρά
722 1638 827 1728 μικρὸν
844 1637 931 1726 φύσις
949 1637 1092 1730 έμένιτά.
1112 1643 1171 1705 Καὶ
1188 1643 1273 1734 παρά
1286 1643 1339 1712 τὴν
1357 1644 1412 1712 σὴν

313 1750 430 1844 μητέρα
446 1748 581 1842 ἑταίραις
596 1747 815 1839 προςέσχομεν,
835 1749 869 1813 οῦ
885 1749 1000 1825 καλῶς.
1016 1731 1089 1816 Ᾰλλ’
1103 1751 1184 1839 ὅμως
1198 1752 1314 1845 μητέρα
1330 1757 1411 1841 ἔχεις

312 1869 371 1928 τῶν
389 1862 594 1948 σεμνοτάτων,
614 1861 666 1923 καί
692 1859 796 1931 ἱκανὴν
817 1859 851 1924 ἐκ
871 1869 930 1924 τῶν
951 1863 1067 1926 οἰκείων
1084 1865 1200 1956 τρόπων
1219 1865 1271 1934 τὴν
1289 1888 1411 1956 σωφρο-

312 1972 404 2043 σύνην
419 1973 666 2063 παρασκευάζειν
690 1971 898 2046 ἀσπάζεσθαι.
922 1972 986 2036 Κᾶν
1009 1973 1063 2038 ἀπ’
1082 1973 1154 2061 ἐμοῦ
1174 1975 1215 2061 μὴ
1231 1980 1318 2039 τοῦτο
1338 1999 1410 2067 κερ-

312 2078 440 2172 δαίνιρς,
455 2080 523 2147 ἀλλ’
539 2079 593 2146 ἀπ’
609 2079 721 2157 ἐκείνης
737 2080 872 2167 λάμῦοινε
888 2083 921 2146 τὸ
938 2079 1152 2175 παράδειγμα·
1171 2088 1222 2150 καὶ
1238 2087 1280 2173 μὴ
1293 2080 1338 2161 οἷς
1351 2087 1411 2177 ἐγὼ

309 2198 386 2268 ἴσως
403 2191 458 2257 οῦκ
474 2191 627 2267 ἐπαινετὸς
644 2200 706 2266 τοῖς
724 2199 800 2256 πάσι
816 2190 941 2279 μιμοῦ’,
961 2193 1028 2259 ἀλλ’
1048 2189 1092 2270 οἷς
1109 2197 1128 2266 η
1143 2199 1240 2287 μήτηρ
1257 2198 1309 2260 καί
1327 2199 1411 2286 παρά

311 2310 370 2369 τῶν
391 2303 434 2391 μὴ
459 2297 583 2367 ἰδόντων
605 2304 794 2388 θαυμάζεται
818 2300 888 2365 κατ’
910 2309 995 2390 ἴχνος
1012 2301 1104 2388 ἕπου,
1129 2308 1181 2370 καί
1206 2307 1239 2370 τὸ
1261 2309 1411 2395 χρήσιμον

310 2412 435 2505 σύνοιχε.
456 2415 493 2478 Et
512 2407 546 2477 δὲ
563 2414 615 2477 καί
640 2410 712 2503 παρ’
739 2411 811 2498 ἐμοῦ
835 2411 929 2488 θέλεις
952 2416 1033 2501 ἔχειν
1057 2415 1090 2478 τὸ
1113 2418 1260 2503 μάθημα,
1291 2415 1409 2480 άκούων

311 2528 381 2614 ἔχε,
404 2526 457 2589 καί
477 2522 663 2614 ἀποστρέφου
681 2523 714 2587 τὸ
733 2522 806 2614 παρ’
825 2523 897 2609 ε’μοῦ
916 2525 1127 2611 κακιζόμενον.
1148 2524 1250 2590 Πολλά
1267 2527 1326 2618 γάρ
1344 2537 1408 2602 τοῖς

309 2634 434 2711 πολλοῖς
448 2641 572 2725 τῇτομῄ
589 2639 641 2698 τοῦ
656 2633 747 2725 λόχου
765 2629 928 2725 διαιρεῖται
946 2637 997 2699 καὶ
1017 2637 1167 2726 κρίνεται,
1188 2638 1240 2700 καὶ
1261 2637 1294 2701 τὸ
1314 2646 1411 2728 κρεῖτ-

311 2769 363 2811 τον
378 2750 432 2812 τοῦ
448 2747 583 2836 χείρονος
601 2740 825 2809 διαστέλλεται.
843 2741 924 2810 Οῦδὲ
940 2747 1000 2838 γάρ
1015 2750 1079 2835 ἔχει
1093 2770 1138 2821 τις
1154 2748 1275 2832 άπατᾷν
1288 2746 1409 2831 ἑαυτόν,

312 2854 422 2939 εἰδώς,
443 2856 500 2921 κάν
519 2854 536 2921 ὅ
552 2880 581 2919 τι
599 2857 650 2921 καί
670 2852 836 2940 βούληται·
858 2855 926 2922 ἀλλ’
945 2857 1025 2945 ὅμως
1042 2857 1057 2922 δ
1074 2859 1166 2949 κρίνει
1183 2883 1228 2934 τις
1247 2857 1280 2923 οῦ
1298 2859 1413 2952 συμφέ-

346 3106 459 3157 ‘Noster
476 3122 558 3156 rursus
576 3105 759 3155 Declamatione
778 3105 849 3155 deci·
876 3116 978 3171 propter
997 3117 1139 3158 vetustatum
1156 3129 1179 3160 ι.
1194 3109 1265 3160 Adde
1285 3109 1413 3159 Erasmum

312 3184 849 3252 ωιιτοίθοςπαρόὒδὲνρὺσις.Αοοομιηιιε
878 3183 1096 3248 Αάεςίοιιῖἴειιε
1121 3197 1159 3236 εει
1182 3188 1259 3239 attera
1284 3197 1369 3235 natura
1387 3206 1412 3235 ι.

310 3265 338 3315 iu
350 3264 480 3330 Georgidae
497 3263 673 3329 Gnomulogio,
690 3280 717 3329 p.
732 3266 780 3323 32,
799 3265 850 3313 Na·
878 3264 991 3313 Petrurca
1008 3267 1079 3322 Son..
1099 3272 1121 3325 1,
1137 3269 1152 3313 7
1168 3285 1174 3315 z
1192 3286 1203 3310 ι
1221 3266 1308 3316 Nostra
1326 3276 1411 3315 natura

311 3344 421 3395 :imunt
435 3342 510 3394 verbu
523 3342 687 3407 detorquens,
704 3341 794 3392 ibidem
812 3344 850 3392 le·
877 3342 942 3390 uinta
958 3342 990 3393 da
1006 3354 1116 3392 costume
1135 3363 1158 3393 ι.
1178 3344 1213 3393 lbi
1232 3344 1364 3408 Menagiut.
1381 3344 1412 3392 Et

312 3420 405 3487 flenda,
427 3438 453 3487 p.
469 3422 501 3470 54
516 3440 522 3470 ι
538 3422 587 3479 ίθος
601 3422 641 3473 διὰ
658 3430 749 3491 μακροῦ
766 3429 849 3487 χρόνον
877 3431 914 3469 εει
932 3420 956 3468 in
972 3419 1099 3485 Georgidae
1115 3421 1276 3486 Gnomologio
1293 3422 1412 3472 sententia

311 3504 441 3572 βῶιιοιθλν
452 3504 539 3570 φύσεως
554 3502 620 3563 ἰσχὺν
635 3504 758 3564 λοιμθάνιι.
775 3500 848 3550 lbin.
876 3498 1041 3556 conferenda,
1064 3516 1090 3563 p.
1116 3503 1144 3548 18
1159 3519 1166 3548 t
1181 3506 1233 3569 βίον
1252 3506 1353 3564 ἡγοῦμαι
1371 3509 1411 3550 τὸν

312 3590 339 3631 ot
355 3596 384 3645 p.
400 3579 460 3628 450.
479 3578 548 3628 Idem
566 3577 747 3636 Nazianzenus,
769 3587 788 3626 t.
808 3578 847 3632 ΙΙ,
876 3577 988 3645 άριστον·
1011 3584 1093 3628 τοῦτον
1116 3584 1163 3644 γὰρ
1185 3580 1241 3634 ἡδὺν
1268 3584 1282 3635 ἡ
1304 3583 1410 3637 συνήθεια

312 3674 340 3725 p.
361 3659 393 3707 10
406 3676 414 3708 t
426 3653 493 3715 '5005
513 3663 560 3725 γὰρ
579 3659 713 3724 ἴγχρονίζον
731 3660 763 3714 εἰς
782 3663 849 3721 νόμον
876 3664 978 3712 ποιήσει.
989 3655 1044 3705 Vidi
1054 3655 1197 3706 codicemin
1207 3674 1255 3723 quo
1265 3657 1411 3722 ἡγοῦλριιιλ

313 3742 385 3789 utet.
407 3736 518 3787 tatianus
537 3736 637 3800 Μίεορ..
655 3752 681 3799 ρ.
702 3735 749 3783 353
765 3755 772 3785 ι
787 3736 849 3794 ἔθος,
877 3736 1008 3784 Antonium
1028 3745 1065 3784 est
1084 3740 1160 3802 αἱροῦ.
1184 3736 1290 3804 Utraque
1308 3737 1412 3786 varietus

312 3824 386 3886 ροισι,
404 3816 502 3884 δευτέρη
530 3818 605 3883 φύσις.
625 3813 685 3876 Quae
701 3814 780 3883 {onina
800 3812 851 3862 fur-
876 3812 943 3862 edita
956 3814 1063 3864 lectione
1077 3815 1174 3876 melior,
1186 3826 1211 3865 et
1224 3816 1277 3865 haec
1291 3816 1340 3866 itta.

312 3912 353 3947 ma
364 3897 461 3963 δωτίρη
472 3903 509 3944 εει
520 3904 545 3942 et
555 3894 580 3942 in
590 3891 685 3942 codice.
699 3891 849 3943 Sententiam
909 3891 919 3916 ²
934 3892 1058 3955 Fortasse,
1067 3902 1101 3959 μή
1111 3914 1184 3958 με...
1198 3904 1282 3959 μίμου.
1297 3893 1411 3944 Libanius

312 3974 440 4041 scripturis
458 3971 584 4037 cujusdam
604 3971 677 4021 ionici
696 3970 851 4021 mutuabatur
876 3983 1007 4035 recuperet
1036 3971 1101 4021 idum
1130 3988 1286 4038 pronomen,
1316 3982 1334 4020 t.
1364 3970 1409 4026 tv,

314 4052 429 4117 princeps
446 4051 566 4101 eruditus.
581 4048 727 4100 Aristoteles
743 4049 849 4108 Nicom„
877 4065 902 4113 p.
924 4051 984 4109 113,
1002 4050 1030 4097 10
1047 4051 1119 4099 :att
1134 4054 1240 4115 μάλιστα
1259 4053 1327 4098 λυπεῖ
1343 4056 1409 4114 παρὰ

313 4134 341 4191 7,
358 4132 452 4181 tunt
472 4132 564 4186 ι’θος....
588 4132 653 4197 ρῦσιι
677 4129 758 4179 ἔοικεν.
781 4127 849 4177 Idem
876 4134 958 4176 τοῦτον
975 4135 1015 4177 τὸν
1029 4131 1150 4191 ἀγῶνα...
1164 4127 1247 4178 Codex
1263 4127 1411 4177 θθίίιθδί

313 4210 398 4272 Βίωνι,
415 4212 439 4268 l,
456 4211 496 4269 11,
511 4209 525 4255 3
541 4226 548 4258 t
564 4208 643 4273 ὅμοιον
660 4214 706 4275 γάρ
721 4216 787 4258 τιτὸ
802 4209 850 4265 ἔθος
877 4226 906 4268 με
918 4226 947 4269 μ.
962 4210 984 4255 λ.
998 4226 1023 4254 π.
1041 4213 1133 4256 τουτονὶ
1145 4227 1168 4255 τ.
1183 4208 1206 4256 ἀ.
1223 4205 1290 4254 Ιιίεῐιι
1303 4220 1328 4271 ρ.
1343 4207 1408 4256 583:

313 4300 344 4359 τῇ
362 4291 437 4357 φύσει.
452 4285 540 4337 Cicero
552 4285 657 4345 luvam„
675 4293 696 4348 1,
713 4288 727 4335 2
740 4305 746 4335 ι
760 4305 771 4329 ι
786 4286 849 4350 aju-
877 4291 946 4335 τοῦτο
960 4288 1051 4347 μόνονό
1066 4292 1195 4349 κατήγορος
1211 4286 1334 4352 ἀφελέσθαι
1348 4292 1411 4351 μετὰ

313 4366 463 4419 candissimo
469 4363 645 4417 consuetudine
652 4364 788 4422 recederet,
796 4382 849 4430 quae
875 4376 916 4421 τῆς
932 4367 1005 4427 τύχης
1018 4364 1057 4414 οὐκ
1071 4365 1160 4428 ἴσχυσε.
1177 4363 1261 4414 Codex
1275 4381 1283 4414 ι
1295 4369 1365 4418 τοῦτό
1380 4384 1413 4431 με

313 4443 449 4512 prasertim
470 4441 520 4506 jam
543 4443 591 4493 vim
614 4451 707 4491 naturae
728 4441 850 4493 obtineret
876 4464 904 4508 μ.
917 4447 929 4493 ὁ
941 4463 962 4492 κ.
978 4450 1040 4508 μετὰ
1054 4449 1094 4494 καί
1106 4463 1128 4493 τ.
1141 4463 1197 4495 τη..
