3684 5659
374 631 444 698 170
706 635 740 692 Γ.
769 632 843 692 ΤΟΥ
868 629 1124 692 ΠΑΧΥΜΕΡΟΥΣ

372 778 423 842 τῆς
440 764 565 851 βουλῆς.
582 769 665 835 zoro
681 766 731 829 τὸν
746 761 778 840 ἐξ
795 764 935 856 ἑταίρας,
955 766 1006 828 καὶ
1025 760 1104 856 εἶργε
1121 759 1249 840 δικαίως
1269 765 1301 828 ὃν
1321 766 1359 830 ἂν
1378 769 1460 856 εύρης

372 880 500 943 ἐνταῦθα
517 875 755 962 πολιτευόμενον.

421 1013 436 1045 (ι
451 971 523 1054 Ᾰλλ’
550 987 582 1052 ἐκ
608 988 716 1078 πόρνου
734 1009 750 1043 ν
772 988 846 1076 φησί
870 985 1047 1076 «γέγονας,
1074 987 1126 1050 καί
1150 986 1278 1062 πολλαῖς
1303 989 1391 1076 παρὰ
1412 988 1461 1057 τὴν

373 1099 487 1190 μητέρα
503 1091 759 1189 προςεσγηκιίτος1
775 1097 828 1166 τὴν
845 1098 901 1166 σήν
917 1120 947 1160 ν.

421 1211 479 1273 Καὶ
502 1210 531 1271 τί
553 1211 641 1271 τοῦτο
664 1207 738 1296 πρὸς
760 1207 813 1275 τίον
835 1214 894 1270 τῶν
917 1207 1014 1292 νόμων
1035 1202 1204 1297 διαταγύν;
1230 1209 1283 1271 καί
1301 1209 1370 1271 τίνοι
1390 1207 1463 1340 φέρει

373 1322 425 1391 τὴν
450 1321 523 1410 πρὸς
546 1316 615 1392 τοὺς
639 1318 746 1403 νόμους
770 1316 956 1406 οίσφοίλειαν;
981 1315 1088 1381 Οὐκ’
1070 1315 1161 1407 ανὴρ’
1185 1342 1200 1381 ο
1220 1341 1346 1408 πορνος,
1371 1317 1463 1404 ούχὴ

374 1431 479 1520 ἑταίρα
492 1432 585 1520 γυνή,
604 1430 634 1492 τί
649 1427 748 1492 κοινὸν
763 1430 940 1518 γυναικιπρ
944 1429 975 1502 ὸς
991 1428 1041 1492 τὸν
1055 1423 1219 1518 οίνδρα,
1190 1453 1235 1502 οις
1249 1424 1465 1518 διαπράττεται

373 1540 519 1620 ἕκαστος;
546 1542 606 1604 Καί
630 1563 680 1625 μοι
707 1539 747 1602 τδι
771 1535 884 1602 tao*
868 1562 996 1603 εκαστον
1025 1541 1168 1629 ἀριθμοῦ.
1195 1519 1275 1629 Ᾰνίηρ
1302 1535 1466 1626 ἀποδημεῖν

374 1657 457 1740 ἔχει,
484 1652 536 1716 κοιί
563 1651 602 1714 τὰ
627 1651 708 1713 κατὰ
737 1651 842 1737 χρείαν
865 1651 1008 1752 πορίζεσθ
1011 1644 1077 1713 αιδ·
1108 1648 1182 1738 γυνὴ
1207 1643 1237 1711 δ’
1262 1652 1397 1782 ρίκουρεί
1418 1651 1465 1712 καί

373 1761 594 1851 ταλασιουργίᾳ
619 1753 843 1891 προςτέτηκεν;.
872 1738 996 1834 Εκεῖνος
1019 1756 1193 1850 στρατεύει,
1219 1759 1271 1822 καί
1300 1759 1376 1850 πρὸς
1397 1757 1468 1834 τοὺς

375 1871 501 2008 ἐχθροὺς
534 1871 758 1934 ἀντιτάττεται·
798 1864 874 1938 αντη
910 1870 1117 1958 Θεραπαινίσιν
1155 1866 1306 1933 ἐπιτάττει
1343 1895 1397 1934 και
1432 1871 1468 1932 τοί

375 1979 444 2044 κατ’
463 1977 719 2065 οἶκονοίκονομεῖ.
740 1958 862 2053 Εκεῖνος
879 1974 1035 2061 βουλεύει·
1054 1975 1130 2048 αὕτη
1146 1987 1234 2068 σιγᾷ.
1226 1960 1468 2056 .Εκείνοςε’λευ·

376 2093 522 2216 θεριοίζειν
535 2093 598 2177 ἔχει
612 2098 680 2164 ταῖς
694 2083 835 2162 ἡδοναῖς·
855 2088 968 2160 ταύτην
985 2094 1198 2179 σωφρονοῦσαν
1212 2089 1227 2152 5
1240 2091 1332 2176 νόμος
1347 2091 1467 2180 κατέχει

376 2200 465 2290 μέχρι
491 2202 543 2265 καὶ
567 2224 646 2291 παρο
648 2202 797 2291 ροίμοιτος.
824 2202 866 2263 Αν
890 2199 1001 2290 ἀφελῇς
1024 2207 1083 2264 τῶν
1109 2207 1261 2291 γυναικῶν
1287 2200 1323 2264 τὸ
1347 2203 1466 2288 σεμνόν,

377 2306 539 2401 ἀφῃρηκὼς
556 2313 609 2399 ἔσρ
627 2309 753 2384 ταύταις
769 2310 803 2373 τὸ
823 2305 900 2372 ιδ
857 2333 1004 2375 ιαιτατον

426 2423 461 2484 Τί
477 2427 550 2512 γοῦν
567 2422 606 2485 τὰ
622 2423 722 2512 πόρρω
741 2416 891 2484 διεστῶτα
907 2422 988 2484 κατὰ
1005 2422 1061 2496 τὰς
1076 2417 1199 2510 πράξεις
1216 2419 1246 2484 ἐν
1262 2421 1369 2508 ταύτῷ
1384 2423 1475 2488 συνοί·.

378 2557 459 2622 γεις,
479 2535 531 2597 καί
550 2531 714 2622 συλλογίζῃ
731 2531 765 2595 τὸ
779 2530 1014 2621 ἁσυλλόγιστον;
1035 2530 1156 2622 ἑταίραν
1171 2530 1311 2616 ἀκούεις,
1332 2535 1385 2597 καί
1404 2534 1470 2624 πόρ·

378 2668 427 2706 νον
443 2652 581 2717 σκοπεῖς.
599 2641 662 2706 Ούκ
680 2639 760 2730 εἶχεν
778 2642 793 2705 5
811 2643 900 2728 νόμος
911 2637 1029 2706 εἰδέναι
1047 2642 1099 2712 την
1115 2640 1217 2732 φύσιν,
1235 2644 1287 2705 καί
1307 2645 1471 2730 μνησθῆναι

379 2752 432 2839 μὲν
449 2754 592 2842 γυναικὸς
610 2751 751 2841 ἑταίρας,
772 2755 939 2838 μνησθῆναι
954 2748 987 2816 δὲ
1005 2754 1057 2816 καί
1076 2747 1190 2843 ἀνδρὸς
1200 2753 1327 2846 πύρνον,
1348 2759 1429 2844 είπερ
1445 2749 1471 2816 ἓν

379 2859 443 2948 εἶχε
459 2868 556 2926 ταῦτα
573 2863 654 2925 κατὰ
670 2863 722 2931 τὴν
740 2862 794 2931 σὴν
812 2865 973 2946 μαντείαν;
994 2862 1103 2953 οὐγὰρ
1122 2866 1183 2949 ἔχω
1202 2862 1300 2952 λέγειν
1319 2861 1468 2954 ἐξήγησιν.

380 2975 416 3034 Εί
432 2967 465 3035 δὲ
483 2973 534 3034 καί
555 2967 584 3045 ἐξ
599 2970 661 3045 ἑνὸς
678 2970 819 3041 ήύούλετο
838 2973 889 3035 καὶ
909 2978 1000 3060 οίμφω
1021 2969 1143 3049 δηλοῦν,
1163 2969 1223 3036 ἔδει
1242 2974 1357 3059 μᾶλλον
1374 2973 1407 3038 ἐκ
1422 2977 1471 3038 τοῦ

381 3084 547 3172 κρείττονος
565 3083 616 3145 καὶ
637 3082 670 3143 τὸ
687 3089 787 3168 χεῖρον
807 3076 915 3150 δηλοῦν
933 3084 1244 3171 προςυπακονύμενον.

430 3174 502 3283 Εγὼ
520 3188 552 3255 δὲ
570 3194 621 3255 καί
640 3190 748 3260 πολλήν
762 3215 816 3254 σου
835 3193 1059 3282 καταγινώσκω
1076 3192 1226 3276 εὐήθειαν,
1247 3199 1271 3258 εἰ
1289 3195 1409 3285 φεύγεις
1424 3197 1472 3265 τήν

382 3307 537 3396 πονηρίαν,
561 3303 604 3368 ὅτι
626 3304 713 3389 νόμον
734 3301 933 3366 ἀναπτύσσων
958 3303 1108 3367 πολιτικὸν
1127 3304 1181 3367 οῦκ
1199 3308 1419 3395 ἀναγινώσκεις
1436 3309 1473 3381 ὡς

383 3415 569 3506 γέγραπται·
601 3413 667 3478 ἀλλ’
695 3414 793 3488 ἄλλως
816 3411 928 3477 ἐκείνου
952 3414 1106 3500 κειμένου,
1133 3415 1232 3490 οίλλως
1256 3413 1364 3507 διέρχῃ
1387 3418 1423 3482 σὺ
1443 3419 1473 3480 τὸ

418 3733 425 3757 ¹
437 3737 534 3789 Πολλοῖς
546 3741 612 3800 παρὰ
625 3743 666 3790 τὴν
682 3755 710 3796 μ.
722 3732 912 3801 προςεσχηκοτος]
944 3733 977 3781 cit
988 3750 1011 3780 ν.
1022 3732 1057 3781 tbi
1071 3731 1152 3780 Burm.
1165 3733 1321 3797 Epitaphium
1333 3735 1476 3799 Amymones

384 3811 418 3858 sic
434 3821 471 3859 est
485 3813 610 3876 loquutus,
627 3829 650 3876 p.
670 3814 769 3871 165,9.
945 3810 968 3858 in
994 3810 1099 3859 Fabretti
1126 3810 1201 3859 lusor.
1235 3811 1340 3861 domest.
1368 3817 1400 3872 4,
1424 3816 1474 3863 35:

418 3888 617 3957 ’8οίιοί.εὸρο,-.
946 3909 957 3932 ι
1041 3889 1155 3943 lanifica.
1185 3890 1240 3953 pia,
1266 3890 1373 3953 pudico,
1402 3891 1477 3955 frugi,

419 3968 428 3993 ³
440 3967 518 4017 Etiam
531 3969 588 4028 viri,
601 3967 644 4017 sed
659 3979 756 4024 tenues,
770 3967 867 4030 opinor,
880 3967 917 4015 vel
946 3979 1025 4026 casta,
1039 3967 1164 4016 domisoda
1177 3987 1199 4017 ι.
1212 3969 1300 4016 Paulus
1311 3968 1381 4026 Tito,
1395 3974 1435 4029 11,
1446 3973 1476 4019 t:

385 4048 464 4096 tenuis
476 4057 501 4097 et
512 4048 611 4111 objectoe
623 4057 724 4108 naturae,
735 4062 773 4094 res
784 4044 815 4093 ad
829 4046 918 4094 victum
946 4049 984 4096 ἵνα
1002 4056 1159 4115 ιωφρονίςωοι
1176 4054 1218 4103 τὰς
1232 4054 1283 4104 νέος
1297 4050 1435 4115 φιλάνδρους
1446 4048 1479 4098 εῖ-

388 4126 780 4191 necessariasipsiemaoellosibi
796 4123 916 4174 emebant.
946 4146 999 4185 ναι,
1027 4132 1158 4192 σώφρονας,
1183 4127 1268 4186 ἁγνάς,
1294 4128 1420 4193 οἰκουροῦς.
1446 4125 1478 4174 lbi

387 4204 534 4269 Virquidam
543 4206 675 4253 Εεοίεεὶεκ,
686 4205 920 4267 819ι11οἶπειτ’ἐχώ-
946 4203 1041 4253 Etsner-
1060 4203 1188 4262 labanius,
1206 4213 1225 4252 1.
1242 4203 1283 4264 lv,
1298 4221 1323 4269 p.
1340 4206 1388 4252 586
1404 4225 1411 4255 ι
1429 4211 1442 4261 ἡ
1457 4206 1479 4253 δὲ

387 4300 439 4347 ρουν
453 4287 484 4338 εἰς
497 4287 583 4351 ἀγορὰν
595 4286 630 4333 ἐπ’
644 4286 740 4351 ἄλφιτα.
946 4290 1025 4350 μήτηρ
1039 4284 1158 4331 ἐπαίδευεν
1175 4284 1213 4330 ἐπὶ
1229 4293 1258 4351 τῇ
1273 4286 1377 4349 ταλασίᾳ
1394 4284 1480 4334 διαπο-

421 4358 431 4383 ⁴
443 4360 597 4424 Epitaphium
612 4363 718 4412 Claudi-'o
729 4360 802 4409 Amh.
818 4361 870 4408 Lat.
890 4361 919 4418 4,
947 4368 1054 4424 νουμίνην
1065 4365 1132 4412 πάνθ’
1143 4362 1186 4410 ὅσα
1197 4372 1309 4423 γυναικῶν
1318 4363 1386 4430 ἔργα.
1399 4361 1479 4411 Codex

391 4439 433 4485 111
449 4456 454 4484 z
470 4456 480 4481 ι
548 4439 649 4488 Domum
661 4439 777 4497 servavit,
791 4438 870 4488 lanam
883 4438 919 4486 se·
949 4440 1023 4500 3017,
1036 4439 1099 4488 male
1110 4439 1164 4488 ὑπό.
