3684 5659
807 611 967 679 ,ΜΕΛΕΤΗ
992 599 1030 674 1'.
1395 611 1466 681 207

422 722 536 837 Ᾰνδρες
553 740 684 832 δημόται
702 746 755 810 καὶ
777 752 835 810 τῶν
857 746 955 831 νόμων
975 742 1163 836 ύπέρμαχοι,
1189 743 1274 832 ὑμεῖς
1293 744 1346 833 μἐν
1363 750 1469 834 μισθὸν

372 867 436 934 τοῖς
451 852 623 949 ἡμετέροις1
641 856 741 947 λόγοις
760 852 860 946 δοίητε
876 858 910 921 τὸ
928 855 1146 948 φιλάνθρωπον,
1167 858 1219 921 καί
1238 858 1287 922 τὸν
1305 860 1406 945 νόμον,
1427 861 1467 936 ὡς

373 970 471 1053 εἰκός,
493 967 612 1059 ἡμέρως
629 970 681 1032 καί
698 976 850 1059 προςηνώς
867 967 1080 1055 ἐκλαθόμενοι,
1100 971 1152 1033 καὶ
1168 969 1220 1039 τὴν
1234 969 1341 1033 ἀθλίαν
1357 969 1467 1041 ταύτην

373 1088 507 1173 γυναῖκα
530 1078 665 1168 ἐσχάτης
691 1074 777 1154 δίκης
802 1077 1043 1165 απολυσοῖμενοι·
1070 1079 1130 1170 ε’φώ
1153 1075 1182 1144 δ’
1206 1076 1358 1152 ἀντιδοίην
1379 1079 1464 1167 ύμῖν,

374 1187 458 1276 ὅροι
482 1184 565 1252 δοκῶ
586 1187 678 1252 καλὸν
700 1182 873 1251 ἀντιδοῦναι
896 1189 948 1251 καί
967 1191 1129 1277 χρήσιμον.
1148 1191 1290 1276 Εύχομαι
1310 1199 1373 1266 τοῖς
1391 1193 1468 1266 θεοῖς

374 1308 452 1364 πᾶσι
478 1300 532 1364 καὶ
551 1301 686 1381 ποίσαις,
710 1297 847 1385 μάλιστα
874 1293 907 1361 δὲ
932 1306 974 1384 τῷ
998 1301 1099 1390 Λογίῳ
1124 1279 1242 1389 ἑρμῖν’,
1269 1297 1361 1376 ούτως
1390 1299 1469 1388 ὑμᾶς

375 1407 448 1499 παρ’
466 1407 587 1473 ἐκείνων
605 1405 798 1494 ἐμπνεῖσθαι,
821 1416 884 1481 τοῖς
901 1407 992 1497 ἱεροῖς
1009 1405 1259 1494 ἐπιθαλλομένονς
1275 1410 1393 1496 νόμοις,
1413 1413 1466 1475 καὶ

376 1517 592 1611 φιλανθρώπως
605 1516 658 1606 μὲν
669 1516 836 1609 ἑρμηνεύειν
849 1515 972 1598 αὐτούς,
984 1515 1198 1608 φιλανθρώπως
1211 1514 1306 1583 δὲκαὶ
1319 1515 1466 1602 δικοίζειν,

375 1630 495 1722 καρπὸν
511 1629 654 1722 φέροντας
672 1634 725 1693 τοῦ
743 1629 809 1704 νοὸς
830 1629 883 1698 τίον
902 1627 977 1717 πρὸς
997 1626 1066 1702 τοὺς
1083 1628 1207 1715 πολίταις
1225 1629 1388 1717 εὐμένειαν.
1408 1633 1467 1696 Καὶ

376 1742 465 1830 τάχα
488 1741 563 1833 πρὸς
587 1750 651 1816 τοῖς
674 1739 777 1815 ἄλλοις
800 1738 924 1822 καλοῖς,
950 1732 995 1814 οἷς
1018 1740 1103 1830 παρὰ
1125 1738 1194 1816 τούς
1214 1740 1340 1817 πολλοὺς
1363 1745 1466 1830 ἔχετε,

377 1852 523 1944 μέγιστον
540 1856 629 1917 τοῦτο
651 1852 736 1942 παρὰ
758 1849 880 1926 πολλοῖς
902 1853 945 1926 εἰς
968 1845 1106 1925 εὐδοξίαν
1123 1854 1209 1915 ἔσται
1227 1860 1262 1940 τῇ
1283 1852 1383 1936 πόλει,
1404 1852 1469 1933 ὅτι,

377 1965 477 2052 νόμων
499 1963 631 2039 θέλοντες
656 1958 732 2027 εἶναι
755 1964 836 2027 κατὰ
857 1962 891 2027 τὸ
916 1962 996 2036 εἰκὸς
1019 1961 1166 2052 φύλακες,
1191 1962 1225 2027 ού
1246 1964 1470 2056 παρατρέπεσθε

376 2085 442 2153 τοῖς
466 2082 662 2166 συκοφαντεῖν
684 2072 889 2165 αἱρουμένοις,
915 2072 983 2137 ἀλλ’
1001 2069 1092 2148 ἀξίων
1113 2073 1139 2137 οἱ
1157 2073 1314 2160 νομοθέται
1336 2077 1388 2139 καὶ
1412 2083 1471 2140 τῶν

378 2182 531 2277 ἐξηγητῶν
548 2189 669 2272 ἔτυχον,
689 2184 763 2274 πρὸς
779 2184 829 2248 τὸν
846 2191 928 2274 σφῶν
945 2185 1057 2248 σκοπὸν
1074 2183 1290 2275 ἑρμηνευύντων
1311 2186 1351 2248 τὰ
1366 2188 1471 2277 φροίμ-

378 2321 482 2385 ματα,
502 2297 556 2361 καί
577 2296 687 2370 παντὸς
709 2294 802 2359 ἄλλον
827 2294 941 2381 μᾶλλον
960 2293 1187 2384 προϊσχομένων
1209 2305 1272 2370 τοῖς
1290 2295 1472 2385 κρινομένοις

378 2408 412 2473 τὸ
439 2406 578 2495 εὐμενές,
608 2402 736 2481 δικαίως
763 2409 869 2494 ἔχουσι
899 2405 1001 2492 νόμοις
1034 2400 1159 2480 δικαίας
1192 2407 1243 2469 καί
1279 2407 1334 2481 τὰς
1357 2405 1473 2495 ψήφους

379 2518 578 2607 ποιουμένων,
596 2516 670 2608 παρ’
689 2515 706 2582 θ
722 2540 750 2581 τι
770 2518 822 2581 καί
841 2518 981 2608 κρίνοιτε.

750 2919 987 3010 ΜΕΛΕΤΗ
1015 2920 1110 3007 [Ast.

356 3182 361 3189 ·
418 3137 546 3231 Ᾰριστιὺς
560 3150 719 3226 πορνεύονται
731 3151 776 3200 τὸν
791 3148 846 3200 υἱὸν
861 3144 1013 3212 ἀπέκτεινε,
1031 3148 1077 3196 καὶ
1092 3147 1168 3218 φόνου
1184 3146 1282 3218 φεύγει.
1296 3141 1448 3218 Μελετῶμεν

834 3246 879 3295 τὸν
893 3239 1031 3318 ἀριστέαλ.

433 3454 494 3524 Τῆς
511 3443 581 3535 μὲν“
597 3445 670 3533 ἐμῆς
688 3446 843 3536 ἀριστείας
859 3443 957 3509 πολλὰ
974 3444 1025 3507 καὶ
1045 3440 1165 3532 μεγάλα
1181 3441 1220 3503 τὰ
1238 3435 1406 3529 δείγματα,
1426 3440 1479 3502 καί

387 3559 442 3626 ούκ
461 3560 499 3625 ἂν
517 3560 609 3623 εἰπεῖν
625 3581 671 3631 τις
688 3555 863 3641 τολμήσειε,
889 3557 913 3618 εἰ
937 3556 979 3641 μή
996 3577 1031 3643 γε
1048 3551 1183 3643 περιττὸς
1200 3554 1245 3620 είη
1264 3551 1316 3613 καί
1335 3544 1477 3640 δύςεριςΒ,

387 3671 428 3749 ὡς
443 3669 463 3745 ᾖ
481 3669 546 3757 ἐμοὶ
568 3665 642 3759 παρ’
665 3664 680 3730 θ
701 3664 840 3756 ἐνεχώρει
864 3666 904 3729 τὰ
922 3666 1004 3730 κατὰ
1021 3663 1149 3750 πόλεμον
1165 3658 1357 3751 πέπρακται,
1376 3659 1395 3730 ἢ
1412 3657 1481 3748 ύμῖν

421 3892 429 3919 ⁴
443 3891 544 3953 codex,
556 3890 685 3958 ὑμετέροις.
983 3885 1092 3936 'Schoh
1106 3905 1112 3935 ι
1127 3893 1154 3937 τὸ
1170 3892 1293 3954 προοίμιον
1307 3887 1331 3947 ἐξ
1349 3884 1482 3949 ὑπολήψεως

422 3968 433 3996 “
447 3967 569 4039 λλθἘρμῇ
578 3975 658 4035 Λογίῳ
672 3966 704 4017 ad
713 3964 812 4016 Choric.
825 3980 851 4031 p.
862 3965 904 4014 22.
949 3972 992 4017 τοῦ
1001 3967 1094 4030 ἔχοντες
1108 3973 1135 4016 τὸ
1148 3966 1262 4029 ἔγκλημα.

421 4041 922 4110 ’ὃεὴολααίέπίλοιποι(μιλίταιεείλίυθῑ)
983 4043 993 4070 ⁸
1013 4052 1125 4113 Περιττὸς
1147 4047 1183 4099 ιίη
1207 4051 1248 4093 καὶ
1266 4040 1367 4108 δύςερις]
1393 4039 1481 4088 Noster

388 4133 456 4197 παρὰ
476 4135 520 4184 τήν
545 4127 682 4177 ἀντίστασιν
702 4134 748 4174 τῶν
771 4125 921 4174 ἀντιθιτικῶν
949 4139 975 4187 p.
992 4123 1023 4171 24
1031 4159 1038 4182 ‚
1056 4123 1084 4169 13
1099 4140 1106 4171 ε
1120 4126 1150 4178 ὡς
1164 4121 1192 4171 ἄν
1205 4141 1241 4178 τις
1254 4126 1293 4170 καὶ
1308 4121 1426 4186 περιττός.
1440 4116 1481 4165 Sic

388 4216 466 4276 τρεῖς·
477 4212 506 4256 τὸ
516 4206 678 4268 ἄντίνκλημα,
688 4208 703 4261 ἡ
712 4208 870 4268 μετάστασις,
881 4207 921 4250 καί
950 4200 1037 4261 codex,
1046 4198 1090 4248 sed
1099 4199 1197 4258 omisso,
1205 4197 1340 4258 umidam,
1346 4196 1422 4245 altero
1431 4196 1482 4260 epi-

388 4283 831 4353 ἡονφγνώμη-Καῖπρῶτννζητημα,
845 4280 923 4331 τὸᾶν-
949 4279 1033 4338 theto;
1054 4279 1169 4337 fortasse,
1193 4277 1240 4327 οὐδ’
1267 4281 1296 4333 ὡς
1320 4279 1348 4326 ἂν
1373 4279 1482 4333 ἀνόνητός

389 4368 521 4429 τίγκλημα.
950 4379 986 4416 τις
999 4364 1037 4407 καί
1052 4360 1174 4423 περιττάς,
1189 4355 1227 4404 vel
1243 4354 1311 4405 aliud
1324 4353 1383 4420 quid
1393 4353 1481 4404 simile.

425 4441 547 4494 ‘Schola
559 4446 573 4501 ἡ
588 4447 682 4501 στάσις,
699 4442 855 4505 ἁντίγκλημα.
951 4437 1051 4496 Statim,
1066 4438 1153 4492 ἠλίθιον
1164 4440 1204 4484 καί
1216 4439 1337 4504 περιττόν.
