3684 5659
810 601 966 663 ΜΕΛΕΤΗ
991 590 1037 664 λ’.
1444 603 1467 671 7

372 730 465 814 ἴδιον,
482 733 572 821 μόνος
590 731 651 823 ἐγὼ
666 741 728 808 τοῖς
745 731 827 820 ἐμοῖς
844 736 895 798 καὶ
912 730 977 820 ἰδίᾳ
992 738 1155 827 παρῄνουν,
1171 739 1223 802 καί
1240 738 1287 802 ἐπί
1300 747 1359 805 τῶν
1374 743 1468 833 ἔργων

371 846 439 910 τότε
452 846 633 934 συνήργουν,
652 846 677 908 εἰ
694 841 747 931 μὲν
766 839 907 924 δυνατόν,
926 850 978 909 τοῦ
992 841 1118 937 κέρδους
1136 849 1272 938 γίνεσθαι
1296 850 1468 940 κρείττους“

372 957 425 1021 καί
444 955 518 1046 πρὸς
534 955 622 1047 μόνον
638 960 692 1019 τοῦ
710 954 841 1042 πολέμου
862 957 896 1020 τό
914 956 998 1032 τέλος
1020 961 1101 1047 ἔχειν
1120 959 1170 1023 τόν
1185 964 1276 1023 νοῦν·
1295 983 1311 1018 ιι
1327 965 1351 1026 εί
1369 955 1465 1048 δὀῧν,

372 1066 455 1131 άλλόι
475 1061 583 1156 κέρδος
603 1069 680 1131 ἔστω
702 1065 735 1131 ἐκ
759 1072 811 1131 τοῦ
828 1066 959 1155 πολέμου
988 1071 1027 1134 τά
1048 1077 1106 1134 τῶν
1124 1071 1289 1136 πιπτόντων
1310 1071 1389 1137 ὅπλα
1414 1075 1467 1138 καί

374 1177 473 1262 μόνα,
491 1200 508 1234 υ
527 1175 643 1241 ε’όόων·
664 1175 701 1241 ἵν’
720 1172 797 1240 οὕτω
811 1201 876 1261 τις,
898 1178 955 1243 κάν
979 1173 1051 1268 δόξη
1069 1175 1268 1272 φιλοκερδής,
1286 1176 1413 1257 δικαίως
1433 1182 1469 1247 άν

374 1286 638 1379 ἀπολογησόμενος
648 1333 659 1367 ,
678 1287 753 1352 ἄλλο
771 1312 800 1351 τι
817 1287 981 1373 σκυλεόων,
1005 1288 1073 1354 ἀλλ’
1094 1289 1172 1357 όπλα
1191 1291 1343 1382 συλλέγων
1363 1291 1466 1380 ὅμως,

375 1400 417 1485 μὴ
433 1403 500 1495 ξχοι
514 1399 564 1464 τὸν
581 1394 801 1464 διαόάλλοντα.

425 1493 466 1573 ίΙν
479 1505 591 1593 οῦτω’,
609 1511 661 1574 καί
679 1509 778 1574 άλλων
796 1508 849 1597 μὲν
866 1510 898 1574 αἱ
918 1513 1013 1576 οἰκίαι
1031 1506 1073 1576 δι’
1087 1511 1160 1599 ἐμοῦ
1177 1515 1230 1578 καλ
1244 1521 1304 1578 τῶν
1318 1513 1395 1601 ἐμῶν
1409 1515 1470 1580 πό-

375 1643 432 1684 νων
444 1619 623 1712 ἐπληροῦντο
636 1623 800 1710 χρημάτων
814 1632 824 1699 ,“
844 1623 863 1692 ἡ
883 1616 913 1684 δ’
932 1620 988 1709 ε’μή
1005 1625 1088 1688 οἰκία
1104 1623 1297 1689 πανοπλιῶν·
1316 1627 1369 1690 καὶ
1389 1628 1470 1690 κατὰ

376 1729 462 1795 πόλιν
477 1727 531 1817 μὲν
545 1725 625 1802 ἦσαν
644 1729 709 1816 ἐμοί
733 1733 775 1805 εἰς
795 1725 886 1807 δόξαν
904 1733 944 1795 τά
967 1731 1001 1796 ἐκ
1021 1738 1074 1797 τοῦ
1094 1729 1191 1820 δήμου
1212 1734 1310 1825 γέρα,
1336 1742 1413 1800 οίκοι
1436 1731 1470 1800 δὲ

375 1838 493 1916 τούτοις
518 1835 704 1931 ἐκυδροῦμην
731 1838 860 1927 μᾶλλον,
885 1839 980 1932 ὥςπερ
1006 1841 1132 1918 στήλαις
1157 1845 1209 1908 καλ
1242 1845 1390 1936 ἱστορίαις
1413 1854 1473 1911 τῶν

377 1951 459 2040 ἐμῶν
482 1947 708 2042 ἀνδραγαθιῶν,
729 1945 820 2042 ἥπερ8
836 1951 918 2038 άλλῳ
941 1953 1011 2021 τινί.
1036 1952 1186 2029 Πολλάκις
1200 1950 1233 2019 δὲ
1254 1957 1306 2020 καί
1327 1955 1472 2047 λογισμὸς

376 2068 468 2154 εἰςῄει
489 2063 659 2155 φιλόπολις,
683 2063 723 2138 ὡς
744 2063 849 2145 πάλιν,
872 2061 1047 2138 ἐπιστάντος
1069 2070 1192 2154 καιροῦ,
1211 2066 1409 2157 χρησιμεῦσει
1432 2071 1472 2134 τὰ

377 2175 474 2260 ὅπλα,
493 2176 546 2240 καί
570 2173 697 2250 πολλοὺς
719 2174 843 2249 ὁπλίτας
866 2173 978 2239 αὐτίκα
1000 2177 1118 2245 ποιήσει
1142 2173 1193 2253 οῦς
1212 2176 1300 2265 φῦσις
1322 2176 1375 2265 μὲν
1397 2185 1472 2254 ίσως

377 2286 492 2362 ὁπλίζει
510 2284 627 2378 ἐμφῦτῳ
644 2285 737 2375 τόλμῃ
755 2288 806 2350 καὶ
825 2287 1029 2377 γενναιότητι,
1046 2287 1061 2350 ό
1076 2282 1110 2351 δέ
1126 2313 1160 2378 γε
1178 2285 1246 2372 βίος
1264 2288 1366 2365 αὐτοῖς
1383 2289 1473 2377 ἐμπο-

377 2390 439 2459 δὼν
460 2395 583 2460 ἵσταται
607 2391 699 2482 μηδὲν
720 2398 762 2471 εἰς
782 2392 915 2460 όπλισιν”
932 2404 1086 2486 χορηγῶν,
1107 2398 1159 2461 καὶ
1179 2399 1236 2483 μία
1255 2399 1329 2484 μόνη
1349 2400 1368 2469 ἡ
1389 2403 1474 2489 Περι-

413 2691 545 2758 ’Τλνυογδ
572 2692 601 2753 2,
620 2693 665 2750 60,
692 2693 739 2750 65;
767 2691 831 2742 Plut.
854 2691 908 2741 Per.
973 2690 1159 2759 3(λοδ,,είπιρ.

379 2771 427 2833 15;
441 2769 539 2819 Arisud.
550 2769 616 2819 Orat.
629 2771 675 2831 46,
687 2785 713 2834 p.
733 2771 786 2819 164.
967 2770 982 2796 ⁴
993 2770 1067 2831 eod„
1078 2771 1184 2831 ὅπλητιν,
1198 2770 1340 2821 confueiene
1351 2779 1470 2836 perpetua

412 2847 577 2913 ¹'Imprudens
600 2848 754 2913 scripseram.
770 2845 856 2905 οὓτως,
886 2857 910 2898 et
937 2851 1056 2900 vocalium
1082 2873 1089 2900 t
1112 2861 1137 2900 et
1158 2872 1183 2907 η.
1202 2849 1289 2901 Cleere
1308 2853 1358 2902 Att.
1385 2855 1412 2910 1,
1434 2855 1442 2898 1
1463 2870 1470 2899 ι

376 2928 458 2978 statim
475 2933 537 2977 κατὰ
550 2937 596 2977 τῶν
607 2942 653 2992 pru
664 2932 704 2976 καί
720 2937 775 2976 τῶν.
788 2930 859 2991 Saepe
869 2933 909 2976 καί
938 2947 949 2971 ι
967 2928 1131 2978 Hermathena
1145 2939 1187 2978 tua
1203 2928 1274 2977 valde
1291 2945 1331 2980 me
1350 2929 1471 2985 delectat,

376 3016 402 3056 et
415 3013 476 3056 κατὰ
491 3014 679 3056 commutantur.
697 3004 725 3053 ld
743 3005 808 3055 bene
821 3015 910 3055 norunt
937 3015 961 3054 et
970 3007 1050 3072 posita
1061 3005 1168 3055 ltabelle
1181 3016 1232 3066 est,
1245 3016 1272 3055 ut
1280 3017 1357 3058 tetum
1369 3023 1472 3073 gymna-

376 3084 531 3152 quieritieen
543 3084 636 3134 faciunt
646 3083 780 3134 verbalem.
790 3083 910 3134 Lucienus
936 3084 997 3133 sium
1021 3089 1087 3141 ἡλίου
1109 3087 1220 3150 ἀνάθημα
1244 3101 1298 3134 esee
1322 3086 1469 3135 videatur.-

375 3165 459 3216 Parae.
469 3167 496 3214 31
507 3182 513 3212 2
525 3160 611 3221 οῦςκαί
622 3169 649 3212 σὺ
659 3170 789 3226 γιγνώσκων
798 3163 909 3232 ῦποκρίνη
936 3163 989 3212 Non
1001 3163 1073 3213 facile
1092 3163 1183 3213 dixeris
1200 3163 1259 3229 quid
1275 3179 1341 3215 nuuc
1358 3165 1389 3214 sit
1406 3169 1471 3222 ἡλίου

376 3247 467 3308 ἀγνοεῖν
479 3244 556 3308 κᾶμί,
569 3247 599 3300 ὡς
616 3248 678 3292 κατά
693 3262 754 3300 τινος
772 3242 852 3299 αὐτοῖς
866 3245 910 3291 αἱ·
936 3243 1057 3306 ἀνάθημα.
1069 3241 1146 3291 Unice
1157 3258 1214 3291 vera
1225 3242 1321 3292 videtur
1333 3242 1471 3294 Gasauboni

376 3327 460 3387 σχίννης
479 3325 580 3373 ἐντεῦθεν
595 3327 746 3386 γιγνομένης,
759 3321 813 3385 οὗχλ
827 3332 907 3387 τιμῆς.
935 3319 1078 3384 conjectura
1098 3339 1110 3364 ιι
1130 3324 1194 3370 illiue
1212 3323 1331 3386 ἀνάθημα.
1351 3341 1362 3366 ι
1383 3322 1471 3372 Libra-

376 3402 438 3453 Gum
450 3402 480 3451 iis
492 3401 555 3452 facio
570 3400 611 3467 qui
623 3406 684 3449 κατά
696 3398 837 3449 mutandum
854 3400 910 3465 epi·
935 3399 999 3456 rius,
1011 3399 1054 3463 qui
1065 3399 1209 3462 praelectore
1219 3398 1343 3450 scribebat
1353 3399 1470 3459 dictante,

377 3481 427 3530 nati
441 3491 497 3531 aunt
516 3481 540 3530 ln
555 3479 753 3544 conjunctionem
769 3486 819 3528 καί.
841 3479 910 3529 Nune
936 3477 1019 3528 audito
1031 3481 1111 3526 ι’ίίίονι
1122 3477 1362 3542 &edormcredidit
1371 3487 1396 3526 et
1403 3479 1471 3544 prius

378 3560 470 3610 editum
485 3575 539 3611 enee
558 3559 646 3618 video,
664 3574 795 3624 suppressa
809 3557 910 3617 vecula,
936 3555 1080 3606 vocabulum
1104 3572 1209 3620 graecum
1228 3572 1282 3606 esse
1305 3566 1331 3607 et
1353 3558 1470 3619 alterum,

378 3640 408 3696 ὥς
419 3658 495 3698 τινος,
510 3636 580 3705 cuiue
590 3637 703 3687 lectionis
713 3653 767 3702 quae
778 3637 827 3686 sint
835 3636 911 3686 ratio·
936 3645 1009 3701 atque
1018 3636 1054 3685 sic
1062 3650 1128 3685 nunc
1136 3634 1255 3686 habemus
1265 3637 1396 3687 lectionem
1405 3641 1470 3694 ἡλίου

379 3733 422 3767 ποι
435 3717 526 3768 criticae
536 3717 631 3782 ignoro.
646 3715 809 3776 Heliodorus,
821 3719 844 3774 ί,
859 3718 887 3764 17
901 3734 908 3765 z
936 3716 1056 3777 ἀνάθημα.
1071 3714 1134 3763 alibi
1149 3735 1156 3764 t
1171 3714 1222 3764 abit
1234 3715 1259 3764 in
1270 3735 1293 3765 u.
1306 3715 1392 3766 Narrat
1402 3716 1471 3766 ‘lhe-

378 3796 430 3865 όρα,
442 3797 554 3856 δι’σποτα,
562 3804 597 3860 μὴ
606 3802 646 3845 καὶ
657 3803 687 3846 τὰ
701 3797 800 3863 δεῦτερα
813 3798 909 3864 σφαλῇς.
936 3793 1059 3842 aristocles
1069 3792 1156 3858 (Epist.
1175 3792 1289 3857 11:20),
1298 3810 1325 3844 se
1338 3795 1370 3845 ad
1378 3795 1470 3846 Meloe-

378 3873 460 3926 Codex
485 3875 593 3924 Venetur
617 3894 623 3923 t
649 3882 683 3941 μὴ
714 3879 777 3924 κατὰ
801 3875 908 3941 δεύτερα.
935 3886 1017 3920 sorum
1043 3887 1126 3936 regem
1153 3873 1284 3923 Admetum
1311 3873 1468 3937 confugisse:

377 3953 461 4004 Melior
484 3952 557 4003 leetio
586 3953 690 4016 vulgata.
713 3952 744 4001 Et
766 3950 797 4001 ob
824 3953 909 4002 vocula
936 3955 1002 4013 ἡμεῖς
1017 3951 1156 4019 δὲὲφίστιοι
1170 3953 1335 4017 ἐκαθεζόμεθα·
1349 3949 1409 4001 οὕτω
1423 3957 1470 4019 γὰρ

378 4047 429 4081 rum
440 4030 537 4082 illarum
548 4030 729 4081 similitudinem
741 4045 807 4094 saepe
820 4029 910 4080 aeeidit
936 4031 1034 4078 ἐκέλευεν
1045 4034 1242 4098 ἡΚρατησίπολις
1251 4029 1358 4094 (Admeti
1369 4027 1469 4091 conjux,

379 4117 405 4158 ut
427 4109 543 4159 alterutra
567 4108 740 4172 negligeretur.
761 4107 909 4173 Porphyrius
936 4124 990 4171 quae
1005 4107 1092 4157 Phthia
1106 4106 1173 4157 dicta
1185 4118 1223 4156 est
1238 4104 1368 4155 Plutarcho
1380 4104 1468 4155 Them.

377 4185 473 4238 Abstin.
487 4187 544 4244 Μ
560 4195 670 4243 επτηνῶν
685 4187 710 4235 δὲ
721 4186 763 4236 ὅσα
773 4192 909 4256 σαρκοφάγοι
937 4185 977 4246 24)
992 4204 998 4233 t
1013 4181 1115 4253 Ἀρίῦδας
1135 4187 1160 4237 δὲ
1174 4190 1185 4234 ῦ
1202 4191 1284 4251 μικρὸς
1295 4184 1428 4252 ὑποχείριος
1442 4182 1469 4242 ἦν

377 4263 522 4330 (ἀπείχοντο)
531 4303 538 4328 ,
548 4268 628 4316 πολλοὶ
641 4266 667 4315 δὲ
679 4269 789 4327 καθάπαξ
803 4275 848 4316 τῶν
863 4266 909 4329 ἂμ·
935 4266 1003 4328 ἐμοί,
1019 4269 1059 4311 καὶ
1073 4267 1137 4330 ξίφος
1151 4264 1173 4312 ἐν
1191 4265 1287 4328 θατέρᾳ.
1307 4261 1392 4312 Codex
1403 4257 1469 4333 Ἀρίο-

377 4345 464 4409 ψῦχων.
481 4343 572 4409 Repeti
588 4348 669 4395 πολλοὶ
685 4346 710 4394 δὲ
728 4350 766 4396 καί
782 4347 906 4405 καθάπαξ,
936 4343 1001 4399 όδας.
1018 4341 1115 4406 Anceps
1128 4349 1165 4390 eet
1176 4340 1274 4391 electio.

377 4423 442 4488 qued
450 4424 473 4474 ri
488 4439 537 4474 non
547 4432 623 4474 earet.
