3684 5659
447 596 495 665 624
783 600 816 656 Γ.
847 597 920 657 ΤΟΥ
945 595 1201 656 ΠΑΧΥΜΕΡΟΥΣ

445 735 573 808 ἡπόλις
599 756 614 788 ιι
632 731 673 818 μὴ
699 725 815 794 δέδιθι·
845 730 1014 821 στρατηγόν
1042 752 1075 792 σε
1107 733 1333 818 χειροτονοῦμεν
1357 727 1460 820 κόριον
1485 739 1543 795 τῶν

445 848 644 936 πραγμάτων,
660 843 712 906 καὶ
727 835 789 905 οἷον
803 840 839 904 ἀν
852 820 985 926 θωμαῖοι
997 838 1208 929 αὐτοκράτορα
1222 844 1344 903 εἴποιεν.
1356 841 1407 903 Σοί
1420 839 1543 926 μελήσει

446 958 497 1020 καὶ
517 963 575 1019 τῶν
594 960 683 1019 ’όντων
706 949 757 1016 καὶ
781 959 840 1015 τῶν
859 949 912 1014 οῦκ
931 956 1038 1031 ὄντων,
1058 951 1110 1013 καί
1128 951 1266 1041 τηρήσεις
1285 952 1337 1014 καί
1357 950 1544 1042 παρενέγκῃς

447 1067 500 1130 άτε
518 1063 672 1156 φυλακτέα
689 1086 737 1126 σοι
756 1057 836 1136 δόξει
854 1063 905 1125 καὶ
925 1061 945 1125 ἀ
962 1063 1003 1147 μή
1019 1084 1047 1124 υ.

496 1157 580 1240 Ᾰλλά
596 1176 626 1238 τί
639 1172 708 1249 τοῦς
725 1173 792 1237 τότε
810 1171 919 1261 λόγους
935 1171 1144 1262 παρειςκυκλῶ
1153 1216 1163 1254 ,
1184 1169 1314 1259 ε’χόντων
1327 1169 1411 1257 ὑμῶν
1427 1195 1543 1262 μαρτυ-

447 1295 526 1377 ρεῖν,
547 1283 592 1374 ἐφ’
610 1278 656 1358 οἷς
680 1282 855 1348 ἐπιστοῦσθε
877 1282 934 1354 τιλινΙ
948 1280 992 1371 ἐφ’
1011 1282 1125 1346 άπασιν
1143 1277 1299 1365 ἐξουσίαν,
1319 1279 1465 1369 μονονοὺκ
1483 1281 1543 1346 αιἰ-

446 1404 514 1470 ταῖς
532 1396 618 1486 χερσί
635 1403 704 1468 ταῖς
718 1390 876 1481 ὑμετέραις
894 1395 937 1466 εἰς
956 1390 1052 1466 αῦτάς
1065 1393 1120 1465 τάς
1135 1391 1210 1477 ε’μόις
1223 1400 1331 1484 χεῖρας
1345 1390 1544 1478 ε’μὸάλλοντες

447 1508 487 1570 τά
498 1514 555 1580 ’τῆς
572 1503 704 1579 πόλεωςς

496 1618 531 1679 Τί
546 1616 580 1678 τὸ
598 1613 749 1687 ἐντεῦθεν;
768 1609 1000 1700 παραλαμθάυω
1016 1610 1086 1686 τοὺς
1103 1612 1293 1702 στρατιώτας
1318 1610 1405 1700 ἐγώ,
1435 1611 1545 1677 ταύτὸν

449 1721 478 1788 δ’
496 1719 603 1788 εἰπεῖν1
620 1725 671 1786 καὶ
687 1724 727 1785 τά
740 1730 792 1795 τῆς
807 1719 921 1794 πόλεως
937 1722 1117 1811 πράγματα.
1135 1700 1328 1815 λδξέρχομαι,
1344 1723 1544 1814 παρατάττο-

449 1861 517 1921 μαι.
534 1833 636 1897 Βλέπω
650 1831 719 1907 τοῦς
732 1831 891 1916 πολεμίους
905 1825 1026 1917 διχόθεν
1040 1826 1221 1913 βάλλοντας,
1243 1831 1300 1896 κάν
1315 1829 1490 1925 ἐπεχείρουν
1502 1840 1544 1919 τῷ

448 1952 636 2031 ναυμαχεῖν,
655 1946 744 2032 γῆθεν
762 1937 910 2029 δῃοῦντας
927 1942 966 2004 τά
985 1939 1104 2027 κύκλῳ,
1123 1941 1180 2004 κάν
1195 1940 1241 2005 ε’πὶ
1257 1949 1313 2030 γῆς
1326 1941 1438 2012 ἤθελον
1449 1941 1544 2028 μένειν

448 2055 499 2117 καὶ
518 2054 591 2145 πρὸς
607 2051 676 2126 τοὺς
693 2047 748 2127 ἔξω
765 2055 970 2138 πεζομαχεῖν,
987 2047 1073 2114 οὐδὲν
1092 2050 1106 2114 ό
1125 2051 1166 2136 μὴ
1183 2049 1371 2128 ἀπολλύντας
1386 2059 1446 2117 τῶν
1463 2055 1544 2117 κατά

449 2163 615 2227 θάλατταν.
635 2162 826 2251 Διπρόςωπον
848 2167 885 2224 άν
901 2185 946 2236 τις
971 2158 1033 2225 εἶπε
1054 2161 1107 2231 τὴν
1127 2163 1231 2248 μάχην
1254 2160 1384 2246 ἐκείνην,
1410 2164 1464 2228 καί
1492 2159 1543 2227 δι·

448 2275 610 2365 προςώπων
627 2268 760 2363 ἀνδρῶν,
777 2273 878 2337 ὁποῖον
891 2273 941 2337 τὀν
959 2252 1060 2362 Ἑρμῆν
1081 2270 1240 2361 Αἰγύπτιοι
1256 2271 1452 2357 πλάττουσι’,
1468 2277 1545 2366 χρῄ-

449 2387 579 2467 ζουσαν,
603 2381 677 2453 πλίτν
697 2381 766 2448 ὅσον
790 2381 824 2446 οῦ
847 2378 953 2452 διπλῆν
974 2380 1103 2468 ἐχόντων
1129 2376 1231 2444 ῖδεάν3
1246 2380 1384 2472 γέροντος
1402 2384 1470 2470 άμα
1490 2386 1541 2449 καί

448 2493 531 2579 νέου,
553 2493 621 2559 ἀλλ’
641 2497 750 2583 ἀμφοῖν
766 2494 911 2585 γερόντων
924 2494 976 2557 καὶ
992 2491 1063 2555 νέων
1075 2493 1186 2556 τόσων.
1203 2469 1275 2556 fiee
1298 2495 1357 2584 γάρ
1380 2493 1415 2558 οῦ
1432 2494 1544 2586 θατέρᾳ

447 2613 484 2691 τῇ
506 2606 611 2692 μάχῃ,
638 2613 673 2693 τῇ
696 2603 749 2690 μἐν
773 2600 932 2696 ἀνδρείας,
959 2611 995 2691 τῇ
1021 2597 1055 2666 δὲ
1079 2601 1244 2685 συνέσεως,
1272 2603 1339 2668 ἀλλ’
1362 2605 1544 2697 ἀμφοτέραις

449 2716 570 2804 ἀμφοῖν.
590 2715 662 2778 Τότε
680 2720 752 2804 γοῦν
769 2711 881 2798 βουλῆς
896 2711 957 2778 ἔδει
975 2714 1074 2777 θεόθεν
1092 2715 1181 2799 ἡμῖν,
1201 2720 1265 2788 πῶς
1279 2714 1315 2778 ἀν
1333 2711 1489 2803 διάθωριαι
1505 2718 1544 2780 τά

448 2825 529 2887 κατὰ
546 2825 596 2887 τὸν
615 2820 738 2888 διπλοῦν
756 2824 865 2889 ἐκεῖνον
881 2823 1025 2908 πόλεμον.
1435 2828 1437 2831 ’

497 2936 604 2998 Θεόθεν
617 2936 776 2998 τοίνυν-
791 2936 878 2997 πόθεν
893 2934 953 3023 γάρ
971 2932 1115 3011 άλλοθεν;
1134 2968 1182 2978 -
1199 2933 1280 3022 ἐπῄει
1298 2959 1348 3020 μοι
1363 2936 1468 3024 γνώμη
1484 2961 1544 3022 μο-

448 3045 634 3133 νοπρόςωπον
651 3045 703 3114 τὴν
721 3046 823 3130 μάχην
843 3042 913 3108 καθ’
933 3041 1002 3106 ὅσον
1020 3036 1129 3106 οἷόντε
1148 3046 1399 3134 ἀπεργάσασθαι.

496 3157 533 3216 Εἰ
562 3152 614 3239 μὲν
638 3155 697 3244 γάρ
722 3152 823 3227 καλῶς
846 3148 929 3240 εἶχον
951 3156 1003 3214 τοῦ
1022 3152 1216 3243 πολεμάρχου
1234 3153 1328 3238 λαοῦ,
1350 3156 1390 3231 ὡς
1407 3157 1475 3243 άμα
1492 3156 1544 3244 μὲν

449 3266 585 3352 χράσθαι
608 3265 731 3347 ναυσίν,
756 3264 821 3349 άμα
842 3259 874 3326 δὲ
896 3264 948 3325 καὶ
971 3265 1046 3350 πεζῇ
1064 3256 1240 3351 μάχεσθαι,
1263 3260 1329 3328 οὐδ’
1348 3263 1444 3343 οῦτως
1461 3266 1544 3356 εἶχον

449 3373 485 3437 ἀν
511 3373 656 3464 ἀσφαλῶς
680 3376 848 3462 μάχεσθαι.
875 3368 955 3437 Οὐδὲ
980 3373 1040 3463 γάρ
1057 3369 1092 3444 ἦν
1113 3375 1164 3437 τόν
1183 3377 1351 3466 στρατηγὸν
1368 3380 1542 3468 μερίζεσθαι

448 3483 517 3547 κατ’
541 3486 711 3575 ἀμφότερα,
738 3487 789 3548 καί
816 3489 865 3547 νῦν
889 3481 942 3570 μὲν
963 3486 1044 3547 κατὰ
1065 3483 1217 3549 θάλατταν
1237 3488 1410 3573 μάχεσθαι,
1435 3492 1486 3552 νῦν
1509 3484 1543 3553 δὲ

448 3594 672 3681 συμπλέκεσθαι
696 3604 759 3670 τοῖς
782 3599 900 3669 πεζοῖς·
920 3593 1034 3684 ’ἑτέροις
1056 3590 1089 3658 δὲ
1113 3595 1202 3659 πάλιν
1224 3595 1401 3686 ἐγχειρίζειν
1423 3600 1539 3689 ἀρχήν,

447 3698 482 3777 ἧς
503 3701 663 3777 ὑπεύθυνος
685 3705 772 3789 μόνος
793 3702 870 3793 ἐγώ,
893 3705 1007 3775 ἥκιστα
1023 3713 1081 3768 τῶν
1100 3700 1225 3769 δεόντων
1247 3702 1345 3790 ἐδόκει
1366 3733 1431 3796 μοι.
1451 3688 1543 3795 ὅμως

447 3849 496 3862 --
508 3811 611 3876 πολλοὶ
630 3815 689 3903 γάρ
706 3809 784 3883 ἦσαν
797 3815 848 3877 καὶ
868 3814 964 3878 ἱκανοὶ
984 3811 1156 3905 ἐξηγεῖσθαι
1168 3849 1218 3866 -
1229 3818 1263 3880 τὸ
1279 3826 1337 3882 τῶν
1352 3829 1543 3930 στρατιωτῶν

447 3923 546 4013 ὀλίγον
573 3926 774 4014 προςίστατο,
804 3927 856 3988 καί
882 3927 1054 4015 παρίστατό
1080 3952 1130 4013 μοι
1158 3927 1191 3990 τό
1217 3934 1341 4019 άπορον.
1372 3931 1483 4019 Εώρων
1508 3927 1542 3996 δὲ

481 4166 611 4215 ⁴Formula
630 4167 714 4217 ταύτὸν
733 4168 753 4217 δ’
770 4169 843 4216 εἰπεῖν
864 4184 921 4218 usus
943 4179 980 4217 est
1008 4168 1147 4233 AEgyptium
1162 4166 1291 4216 bifrontem
1306 4169 1476 4219 memoraverit
1493 4181 1542 4219 non

444 4243 494 4305 jam
505 4261 531 4307 p.
547 4247 587 4302 31.
601 4247 641 4294 96.
655 4247 695 4297 Sie
709 4246 771 4296 Hm.
789 4246 861 4296 Mich.
880 4246 977 4296 Paiaeoi.
1007 4246 1115 4294 memini.
1126 4245 1164 4295 Cf.
1174 4246 1320 4295 tamenNaz.
1332 4256 1351 4295 t.
1363 4244 1395 4306 ll,
1407 4263 1434 4312 p.
1447 4239 1504 4307 Ιλθ,
1518 4253 1539 4296 1.

447 4323 475 4376 6,
487 4323 531 4378 ⁶23,
545 4339 570 4385 p.
588 4325 649 4384 478,
663 4326 717 4374 loeo
730 4325 829 4375 difficili.
1038 4323 1181 4389 ³cod.,11.
1198 4333 1240 4382 τὴν
1255 4330 1318 4382 θέαν,
1334 4336 1359 4375 et
1369 4324 1457 4376 deletis
1468 4342 1543 4376 voca-

480 4397 560 4459 9(λιιίο
590 4410 699 4450 veterum
733 4403 877 4452 Mercurium
910 4402 977 4453 iilum
1004 4402 1069 4452 bulis
1080 4424 1102 4452 τ.
1114 4402 1326 4467 0.,admarginem
1338 4403 1457 4468 rescripto
1468 4406 1540 4455 ἰδέαν.
