3684 5659
806 630 963 692 nenena
987 619 1034 692 ν’.
1420 630 1466 700 45

371 762 517 853 ἱστορία·
538 764 751 852 παραστάντες
774 765 953 849 θεάσονται,
980 768 1149 856 ἀγάσονται
1172 768 1212 841 ὡς
1233 769 1331 852 εἰκός,
1351 768 1466 859 ἐρωτή-

372 896 463 938 σουσι
486 873 537 937 τὸν
558 873 697 965 πατέρα,
716 875 901 965 γνώσονται,
921 878 974 940 καί
998 875 1165 953 ἐπανιόντες
1186 878 1465 968 μεγαλυνούσινέπί

370 991 432 1049 τῶν
449 987 552 1050 οἰκιῶν
563 985 597 1049 τὸ
614 988 712 1077 ἔργον.
732 987 793 1050 Καί
809 1010 867 1071 μου
884 982 991 1071 μηδείς
1005 989 1210 1078 καταγνώτω,
1229 990 1412 1080 παρακαλῶ·
1432 991 1467 1056 ού

371 1097 434 1187 γάρ
458 1095 550 1187 μέχρι
574 1095 681 1160 τούτου
702 1097 736 1161 τό
755 1093 897 1182 βούλημα
913 1097 947 1161 τὸ
965 1096 1047 1183 ἐμόν,
1070 1098 1137 1163 ἀλλ’
1155 1100 1204 1164 ίνα
1223 1102 1276 1164 καί
1285 1147 1295 1184 ,
1320 1104 1467 1189 συχνάκις

372 1201 535 1289 βλέποντες
549 1206 602 1277 τήν
617 1208 719 1273 εἰκόνα
728 1253 737 1285 ,
753 1207 947 1298 φυλάττοιντο
962 1208 1135 1294 Θάλασσαν,
1150 1214 1202 1275 καί
1217 1212 1258 1298 μή
1269 1213 1353 1303 παρά
1363 1214 1467 1304 καιρόν

371 1307 513 1385 πλέοντες
536 1320 712 1402 ναναγοῖεν.
739 1314 799 1376 Καὶ
827 1309 904 1376 ούτω
924 1317 1015 1378 ’ἐσται
1032 1313 1085 1401 μὲν
1110 1318 1162 1381 καί
1189 1326 1231 1404 τῷ
1253 1315 1466 1407 ἐπιτηδεύματι

374 1421 515 1502 ἔπαινος,
532 1424 618 1488 ἐσται
634 1418 731 1488 δὲκαὶ
747 1432 810 1499 τοῖς
828 1423 920 1513 δρῶσι
938 1427 990 1489 καί
1011 1424 1180 1492 ἐπαινοῦσιν
1199 1427 1340 1519 ὠφέλεια.
1358 1482 1360 1486 .

424 1530 531 1621 Γέγονε
548 1537 650 1597 τοῦτο.
673 1536 813 1599 Κάκεῖνοι
828 1535 930 1617 τόσον,
951 1535 991 1610 ὡς
1006 1538 1113 1619 ἔοικεν,
1133 1536 1272 1602 ἑάλωσαν
1290 1546 1326 1626 τῇ
1343 1548 1463 1629 γραφῇ,

373 1642 426 1705 καί
446 1643 536 1707 τόσον
552 1642 644 1714 αὐτήν
657 1643 852 1733 ᾐσχύνθησαν
865 1646 917 1708 καὶ
935 1645 975 1720 ὡς
992 1645 1179 1737 ἀληθευούση
1197 1647 1376 1740 προςέσχον,
1393 1646 1465 1723 ὥςτε

373 1751 427 1815 καί
457 1753 511 1822 τήν
536 1752 569 1817 ἐκ
596 1750 707 1829 παιδὸς
729 1756 839 1825 συνήθη
867 1755 1018 1820 θάλατταν
1040 1759 1274 1848 ἀπαρνήσασθαι
1297 1759 1348 1821 καί
1374 1757 1465 1822 πλοῦν

374 1863 511 1928 ἀπειπεῖν
527 1866 645 1949 πάντα,
664 1868 737 1949 καί,
754 1868 870 1941 πάσαις
887 1865 1045 1958 ἐμπορίαις
1058 1869 1177 1958 χαίρειν
1191 1870 1345 1954 εἰπόντας,
1364 1869 1464 1934 ἀλλα-

373 1974 467 2062 χόθεν
479 1978 575 2050 ζητεῖν
589 1971 633 2052 οἷς
650 1973 775 2041 ἐκεῖνοι1
793 1979 1008 2067 τραφήσονται.

424 2089 480 2160 Είς
492 2086 592 2150 στενὸν
606 2081 640 2151 δὲ
653 2093 690 2175 τῇ
701 2086 785 2151 πόλει
798 2087 838 2149 τά
851 2087 1028 2177 ἀναγκαῖα,
1044 2087 1202 2180 ὁμολογῶ,
1214 2091 1266 2153 καί
1281 2089 1367 2176 λιμὸς
1380 2089 1465 2166 εὐθὺς

374 2194 550 2280 ἐπεποίητο,
576 2195 608 2261 όν
631 2196 686 2262 οὐκ
711 2196 771 2288 ἐγὼ
792 2196 883 2262 θέλων
901 2197 1069 2289 ἐπήνεγκα,
1096 2202 1161 2264 ούτε
1181 2201 1238 2287 μήν
1262 2202 1397 2292 ὀρεχθείς
1413 2202 1465 2271 τήν

374 2305 534 2394 ἐπιθυμίαν
552 2307 726 2380 ἀπέπλησα·
747 2308 828 2373 ἀλλά
844 2333 889 2385 τις
906 2309 983 2398 τύχη
1002 2308 1132 2400 βαρεῖα,
1150 2319 1203 2386 τής
1215 2311 1328 2387 πόλεως
1345 2311 1397 2398 μὲν
1411 2312 1465 2376 ούκ

374 2418 411 2482 ἀν
429 2424 541 2505 εἴποιμι
557 2411 676 2510 (ἀγαθή
693 2419 753 2510 γάρ
767 2412 879 2506 αύτη),
901 2419 957 2506 ἐμή
976 2417 1075 2485 δὲκαὶ
1097 2423 1201 2508 μόνον.

422 2534 516 2594 Τούτο
533 2531 567 2594 τὸ
590 2528 708 2617 σνμθάν
731 2531 790 2595 ἀπὸ
807 2530 901 2620 τύχης
919 2529 991 2617 ἐμῆς
1007 2523 1093 2618 (οὐδὲ
1116 2533 1175 2622 γάρ
1194 2531 1230 2596 ἀν
1249 2534 1291 2605 εἰς
1308 2528 1394 2616 βῆμα
1411 2534 1463 2595 καί

375 2633 570 2730 δικαστήριον
599 2643 737 2724 ἀπαντᾷν
766 2641 982 2733 ἠναγκαζόμην
1009 2635 1154 2731 ἀρτίως),
1189 2641 1222 2704 τὸ
1249 2645 1322 2731 γοῦν
1346 2639 1465 2727 συμθάυ

373 2753 461 2814 τοῦτο
473 2747 565 2841 εὑρὼν
583 2751 599 2815 ὃ
616 2752 750 2842 χρηστὸς
764 2741 850 2826 οὗτος
866 2753 918 2816 καί
939 2760 974 2839 τῇ
991 2751 1075 2816 πόλει
1089 2746 1251 2838 δημοτικὸς
1273 2754 1315 2826 εἰς
1331 2776 1465 2842 κατηγο-

373 2861 442 2952 ρίας
465 2862 614 2954 αὔταρκες
633 2863 796 2953 πρόφασιν,
816 2863 868 2926 καί
887 2865 1074 2954 κατηγορίας
1095 2862 1136 2948 μή
1154 2861 1360 2953 προςηκούσης
1377 2861 1461 2949 ε’μοί,

375 2954 533 3056 δημοσίων·
555 2967 752 3058 ἀδικημάτων
775 2974 905 3062 εέςάγειυ
933 2968 1124 3064 τεθάρρηκε’,
1144 2973 1196 3036 καί
1221 2972 1306 3058 λιμὸν
1332 2979 1393 3036 ἀνω
1411 2974 1463 3037 καὶ

373 3075 475 3144 κάτω8
491 3080 608 3173 στρέφει
618 3083 670 3146 καὶ
690 3077 806 3147 ἔνδειαν
819 3082 960 3156 πολιτῶν,
974 3085 1047 3165 καί,
1063 3081 1108 3147 ότι
1122 3083 1148 3147 οἱ
1166 3084 1336 3170 πάσχοντες
1348 3077 1462 3168 δῆμος,

374 3185 521 3281 δημόσιον
537 3194 637 3263 τίθησι
657 3195 709 3257 καί
730 3193 764 3256 τὸ
782 3193 937 3283 ἔγκλημα,
958 3196 1009 3258 καί
1032 3192 1076 3259 ὅτι
1094 3189 1163 3281 μὲν*
1185 3189 1329 3279 δημόσιον
1345 3194 1379 3258 τὸ
1398 3189 1467 3257 ἀδί-
1518 3256 1523 3264 ,

373 3326 458 3389 κημα
475 3300 568 3392 λέγει.
585 3304 622 3366 Τί
639 3299 669 3366 δ’
688 3301 750 3367 ἐστὶ
767 3304 801 3368 τό
819 3299 980 3391 δημόσιον,
1002 3306 1053 3369 καὶ
1078 3304 1159 3394 οίπερ
1177 3301 1329 3391 ἐνέχονται
1347 3302 1462 3390 τούτῳ,

374 3411 473 3478 τέλεον
494 3415 610 3503 ἀγνοεῖ.
629 3415 689 3479 Καὶ
711 3413 826 3501 ὅτιμὲν
848 3417 935 3480 εἰκὼν
956 3416 1109 3505 ναυαγίων
1128 3413 1175 3478 ἐπὶ
1190 3412 1307 3500 λιμένος
1331 3413 1463 3493 ἐστάθη,

408 3662 593 3730 'lmpnoprium
610 3673 647 3714 est
658 3665 758 3714 omnino
769 3678 905 3729 pronomen
935 3661 987 3723 τῆς)
1006 3667 1035 3720 ὡς
1047 3665 1145 3714 ἀσθενῶν
1155 3662 1330 3732 κατεμέμφετο,
1346 3664 1424 3733 ἐπῄνει
1441 3665 1466 3715 δὲ

374 3744 468 3802 ἐκεῖνοι,
508 3760 581 3808 quum
615 3744 683 3794 αθτοί
712 3753 904 3808 exspectaretur.
924 3803 927 3809 ³
934 3747 1022 3808 μᾶλλον
1033 3749 1064 3793 τὰ
1077 3745 1100 3792 ἐν
1113 3753 1146 3808 τῷ
1160 3749 1260 3815 μιτώπιμ
1273 3747 1465 3811 ταύτηςκέρατα.

373 3821 473 3887 AEsopia
493 3821 601 3884 Fabula,
623 3839 649 3888 p.
670 3824 732 3881 356,
752 3823 884 3887 Corayanae
898 3841 903 3869 :
935 3822 965 3871 Et
978 3838 1023 3885 pro
1037 3825 1125 3878 ταύτης
1138 3821 1183 3871 fuit
1194 3821 1330 3871 iterandum
1344 3822 1417 3880 αύτῆς
1428 3823 1466 3871 vel

373 3904 435 3958 Γαλῆ
444 3905 534 3969 ἠράσθη
549 3909 606 3952 ποτὲ
619 3903 701 3969 ἀνδρὸς
715 3901 854 3968 εύπρεπούς,
866 3906 906 3949 καὶ
934 3901 1016 3957 αὐτῆς.
1029 3899 1127 3950 Fabulae
1143 3899 1302 3966 epimythinm
1315 3902 1386 3950 deest
1395 3900 1466 3949 editis

374 3987 416 4036 τὴν
428 3975 518 4036 Ἀθηνᾶν
534 3980 645 4038 ἐδνςιύπιι
658 3984 748 4036 ταύτην
759 3983 906 4044 μεταμεῖψαι
934 3989 1035 4043 propter
1051 3978 1201 4028 Rochelortii
1221 3979 1410 4042 indiligentiam,
1425 3978 1466 4042 qui

373 4059 406 4114 εἰς
420 4065 582 4121 γυναῖκα,κοιί
594 4066 634 4110 τὸν
646 4062 759 4126 ἐρώμενον
770 4063 809 4107 καί
820 4059 905 4108 ἄκοντα
933 4057 959 4106 id
977 4057 1070 4114 omisit,
1088 4072 1116 4106 ae
1138 4056 1221 4106 tacuit.
1240 4056 1350 4105 Mutilum
1368 4053 1465 4119 quidem

373 4139 460 4194 ταύτης
470 4139 622 4202 ἐπιθυμῆσαι.
638 4137 681 4188 Est
698 4141 787 4193 ταύτην
803 4152 848 4200 pro
859 4137 907 4187 αύ-
933 4146 984 4195 est,
996 4135 1040 4184 sed
1053 4134 1168 4199 reliquias
1181 4133 1298 4182 exhibere
1311 4132 1409 4191 debuit,
1420 4131 1468 4181 eal-

373 4224 413 4273 τήκ
422 4215 461 4265 vel
474 4216 558 4276 αύτήκ,
571 4221 659 4275 ταύτης
670 4232 715 4283 pro
726 4216 798 4274 αύτης
808 4216 847 4266 vel
859 4216 906 4265 αύ-
934 4226 982 4264 tem
994 4213 1113 4260 lectorem
1127 4226 1236 4259 monere.

373 4305 423 4352 τῆς.
443 4295 497 4345 Alia
513 4294 605 4346 Fabula
621 4312 647 4361 p.
672 4297 719 4346 365
739 4294 905 4365 (λοιπείλαρος
963 4289 1209 4356 'Schotznpoeotl-

372 4375 411 4424 ἐπὶ
424 4371 509 4432 ὓδατος
519 4381 561 4432 τὴν
573 4379 639 4424 σκιὰν
657 4373 729 4432 αὑτῆς
745 4373 811 4438 (cod.
825 4371 905 4436 αὐτῆς)
966 4368 1057 4419 ὅ(ἶοῐιί.
1070 4385 1096 4433 p.
1108 4370 1153 4429 13,
1170 4384 1195 4416 n.
1215 4369 1228 4416 4
1240 4366 1272 4415 de
1282 4368 1328 4417 ἄνω
1339 4374 1379 4418 καί
1389 4372 1461 4417 κάτω.

373 4454 517 4513 κατιδοῦσα,
531 4463 577 4505 τῶν
591 4458 673 4504 σκελῶν
688 4454 759 4510 αὐτῆς
774 4451 841 4516 (cod.
859 4453 904 4503 αύ-
967 4448 1027 4499 ⁴sie
1040 4447 1127 4497 codex.
1139 4445 1252 4497 Nonnihil
1262 4446 1339 4496 deest.
