3684 5659
800 641 957 702 nnnnrn
983 629 1028 701 ot.
1389 636 1458 703 473

416 779 522 840 Ταῦτα
546 771 665 858 βλέπων
694 778 709 840 ὁ
736 775 913 863 νομοθέτης,
943 777 995 839 καὶ
1026 776 1059 839 τὸ
1085 770 1195 849 ἄδοξον
1221 773 1456 861 εὐλαθούμενος,

373 885 469 974 ἐπέχει
485 885 537 948 τὸν
551 881 582 960 ἐξ
601 885 723 976 ἑταίρας
737 892 789 951 τοῦ
805 891 904 950 κοινοῦ
917 880 1089 976 συνεδρίου,
1105 886 1157 948 καί
1171 886 1344 974 παρρησίας
1359 889 1459 959 πάσης

372 999 545 1086 ἀποστερεῖ,
571 999 729 1084 μονονουχὶ
752 996 862 1087 λέγων·
890 1021 904 1051 «
925 995 969 1059 Οὐ
995 995 1115 1080 μέτεστί
1139 1018 1206 1071 σοι,
1233 990 1256 1058 ὦ
1280 986 1383 1079 οὗτος,
1407 1004 1459 1069 τῆς

371 1114 468 1180 κοινῆς
485 1108 659 1197 παρρησίας
676 1109 728 1170 καί
746 1106 918 1197 ἐλευθέρου,
937 1101 989 1180 ἧς’
1005 1107 1023 1174 ἡ
1040 1109 1136 1196 μήτηρ
1155 1113 1259 1180 κακῶς
1278 1101 1390 1188 βιοῦσα
1406 1107 1457 1169 καί

371 1213 402 1279 σὲ
419 1217 472 1280 καί
492 1213 602 1285 ἑαυτὴν
619 1217 833 1307 ἀπεστέρησεν.
853 1216 908 1280 Υπ’
928 1215 1107 1305 ἀνελευθέρῳ
1125 1214 1253 1306 ἐτράφης
1272 1215 1387 1305 ἐκείνη,
1406 1217 1458 1278 καὶ

370 1321 463 1413 μηδὲν
480 1325 594 1415 ἐχούσῃ
613 1336 671 1391 τών
689 1327 857 1418 ἐλευθέραις
877 1329 1056 1418 προςόντων.
1079 1327 1176 1415 Δέχου
1194 1329 1245 1391 καί
1265 1325 1303 1390 σὺ
1321 1328 1355 1390 τὸ
1372 1328 1461 1416 πρός-

371 1459 454 1523 τιμον
470 1437 506 1500 τὸ
524 1435 653 1512 ἐκείνης·
669 1441 706 1501 Εἰ
724 1433 754 1501 δ’
773 1430 836 1522 οὖν,
856 1437 935 1501 ἀλλά
952 1433 1131 1511 σπουδάσας
1147 1440 1198 1502 καί
1217 1439 1318 1526 φυγὼν
1333 1437 1367 1500 τὸ
1385 1436 1462 1500 ἐκεί-

371 1570 420 1621 νης
447 1546 603 1637 ἔγκλημα,
632 1547 687 1611 οὐκ
713 1543 809 1622 ἀξιοῖς
835 1555 894 1611 τῶν
922 1547 1021 1612 αὐτῶν
1044 1548 1192 1636 τῇμητρί
1218 1549 1458 1637 προςτιμᾶσθαι,

371 1659 457 1747 ἀρκεῖ
482 1680 530 1720 σοι
556 1662 662 1740 τοῦτο,
689 1659 742 1722 καὶ
767 1660 818 1721 ἔσο
842 1660 927 1749 παρά
945 1667 1009 1732 τοῖς
1025 1657 1162 1733 πολίταις
1180 1656 1343 1747 ἐλεύθερος.
1364 1638 1415 1720 iva
1432 1660 1461 1719 τί

372 1768 422 1830 καί
441 1775 507 1841 τοῖς
523 1764 655 1856 εὐγενέσι
678 1769 867 1842 κοινωνήσας
889 1772 943 1830 τοῦ
962 1762 1135 1858 συνεδρίου,
1156 1770 1208 1831 καὶ
1227 1763 1390 1850 βουλευτὴς
1407 1770 1459 1854 ἔσῃ

371 1884 407 1964 τῇ
431 1876 537 1959 πόλει,
568 1878 619 1940 καί
649 1873 760 1964 αἶσχος
783 1876 972 1967 προςτρίψεις
996 1879 1067 1964 ημῖν
1090 1879 1174 1967 παρὰ
1196 1887 1258 1952 τοῖς
1287 1873 1461 1941 διαθάλλειν

373 1984 490 2050 θέλουσι
507 1987 547 2049 τά
565 1985 695 2077 ἡμέτερα
708 2010 742 2063 »;

418 2074 514 2184 Ῑλχεις
541 2098 658 2174 τοίνυν,
691 2092 715 2161 ὦ
746 2087 849 2180 οὗτος,
886 2096 965 2184 κάμὲ
999 2098 1048 2163 ἐπί
1074 2123 1131 2163 τινι
1170 2099 1280 2162 τούτων
1319 2094 1461 2163 δεικνύειν

373 2208 493 2297 ἔνοχον;
525 2206 613 2296 λέγε,
644 2209 696 2271 καί
726 2209 850 2299 φανερὸν
873 2212 969 2293 ποίει,
996 2213 1048 2273 καί
1075 2207 1164 2299 ἐξαγέ
1191 2234 1227 2296 με
1258 2206 1384 2284 δικαίως
1409 2215 1460 2272 τοῦ

373 2310 523 2403 βήματος.

419 2429 490 2517 Οὐχ
508 2430 524 2495 ὁ
542 2431 641 2523 πατὴρ
663 2435 779 2518 ἔντιμος
803 2433 881 2518 μετά
901 2431 1029 2496 πολιτῶν
1048 2428 1097 2516 ἦν,
1118 2431 1172 2496 οίτκ
1189 2431 1218 2496 ἐν
1242 2433 1387 2521 ἀγοραῖς;
1408 2431 1461 2495 οὐκ

375 2539 557 2618 ἐνθνσίαις;
578 2541 632 2607 οὐκ
651 2542 680 2606 ἐν
697 2543 822 2631 coxam
842 2543 876 2607 οὐ
895 2542 1022 2634 χέρνιθα
1038 2545 1090 2607 καὶ
1110 2543 1201 2617 αὐτὸς
1219 2542 1312 2629 νέμων
1329 2544 1381 2606 καὶ
1400 2552 1462 2616 τοῖς

375 2653 501 2741 ἔγγιστα
524 2651 690 2729 ἐκοινώνει;
714 2635 911 2719 ἐπολιτεύετο
929 2651 982 2740 μὲν
1000 2655 1051 2717 οὔ·
1074 2652 1141 2717 ἀλλ’
1160 2652 1194 2716 οὐ
1215 2654 1294 2739 νόμῳ
1316 2649 1459 2741 είργετο’,

374 2758 439 2825 ἀλλ’
457 2757 554 2838 οὕτως
576 2762 677 2850 ἐκείνῳ
699 2764 718 2833 η
743 2764 846 2854 γνώμη
871 2762 1041 2827 συνέπιπτε.
1061 2764 1097 2825 Τί
1114 2765 1210 2826 τοίνυν
1232 2761 1266 2826 οίι
1283 2761 1353 2848 λίνῳ
1369 2761 1459 2843 λίνον,

374 2873 452 2936 κατὰ
477 2872 532 2942 τίιν
558 2870 751 2965 παροιμίανθ,
780 2877 957 2957 συνάπτεις,
987 2873 1067 2937 ἀλλά
1098 2873 1280 2964 συγκλώθειν
1307 2881 1396 2964 πειρᾷ
1424 2875 1463 2935 τά

339 3104 345 3119 ἐ
376 3124 413 3173 κᾶν
433 3132 510 3182 κακῶς
531 3127 613 3190 λέγῃς,
631 3131 713 3176 ποσὸν
730 3130 819 3174 Πιίοιι·
840 3128 907 3187 λόγος
933 3128 1019 3173 λευκόν.
1037 3123 1100 3185 Maia
1110 3124 1188 3173 codex
1203 3129 1271 3173 λίνον.
1288 3123 1348 3172 Vide
1364 3133 1413 3172 not.
1434 3124 1465 3172 ad

374 3206 418 3269 γὰρ
430 3201 456 3251 ἔκ
470 3201 494 3253 τ’
509 3203 652 3262 ἀδοξούντων
668 3206 718 3263 ἰών,
734 3206 787 3253 Κάν
802 3213 848 3253 τῶν
868 3204 906 3254 do·
933 3202 1003 3251 Plan.
1013 3201 1122 3260 Metam,
1134 3219 1159 3266 p.
1175 3204 1230 3259 102,
1241 3202 1273 3252 ad
1284 3202 1360 3252 Nicet.
1372 3203 1463 3266 Eugen.

374 3284 482 3340 κοίντοιν,
494 3281 565 3338 αὐτὸς
576 3281 602 3332 οὗ
613 3281 699 3332 ταύτὸν
711 3286 793 3332 σθένει.
934 3295 959 3344 p.
976 3281 1033 3328 263.
1047 3279 1125 3328 Variae
1137 3290 1193 3328 sunt
1207 3280 1327 3342 proverbii
1339 3285 1399 3329 λε’-νον
1413 3285 1465 3345 λίνῳ

405 3356 540 3408 'Fortasse
551 3361 680 3428 ἐλευθερίας
689 3369 792 3424 propter
801 3359 906 3418 tirtel,
934 3363 1057 3407 συνάπτειν
1082 3358 1303 3421 interpretationes.
1328 3359 1389 3407 Sunt
1412 3375 1466 3422 qun·

375 3441 413 3485 τοῦ
431 3434 553 3504 ἐλευθέρου
569 3444 608 3486 καὶ
628 3457 651 3486 κ.
673 3438 819 3505 παρρησίας,
838 3440 906 3493 ἧς...
934 3434 974 3484 hic
989 3435 1036 3484 loci
1056 3451 1104 3483 non
1121 3435 1255 3498 quadrant;
1273 3435 1378 3497 exempli
1392 3450 1464 3483 causa

376 3510 422 3563 Sed
435 3525 494 3565 sunt
511 3513 620 3578 ejusdem
637 3525 768 3580 syntaxeos
785 3514 906 3579 exempla.
933 3512 989 3573 illa,
1003 3528 1076 3578 quam
1088 3511 1163 3561 hahet
1176 3512 1351 3576 Diogenianus,
1367 3514 1396 3571 6,
1416 3516 1443 3560 16
1458 3532 1463 3559 :

375 3588 434 3640 Vide
447 3608 474 3641 n.
488 3595 518 3648 3,
532 3609 559 3657 p.
575 3595 632 3643 102.
649 3593 740 3643 Pariter
757 3591 908 3656 Nicephoms
934 3594 972 3642 ἐπὶ
983 3602 1029 3640 τῶν
1040 3597 1071 3640 τά
1083 3592 1166 3646 ἀσθενῆ
1179 3593 1281 3640 ἀσθενέσι
1295 3595 1465 3640 συναπτόντων.

375 3668 492 3736 Gregoras
505 3669 639 3732 Florentio,
653 3689 678 3735 p.
692 3673 751 3731 509,
765 3670 904 3719 iahnianae:
934 3668 1066 3731 Quadrabit
1077 3668 1197 3718 scholium
1205 3669 1236 3718 ad
1245 3669 1375 3718 Aristidem
1385 3668 1468 3717 From-

377 3750 480 3809 γλῶτταν
491 3756 535 3814 μὲν
548 3757 588 3799 καὶ
598 3762 680 3815 σχῆμα
693 3754 853 3812 πλαττόμενος
863 3769 908 3811 μη·
935 3747 1059 3805 metianoe,
1082 3763 1108 3810 p.
1132 3747 1200 3795 tto:
1222 3749 1260 3796 ἐπὶ
1282 3758 1327 3796 τῶν
1346 3755 1468 3814 προτέροις

377 3825 412 3875 δᾶν
431 3818 620 3897 περινῖνοημίνον
639 3829 745 3893 ἔχουσαι.
767 3825 907 3891 Legendurn
934 3828 1004 3894 ἕτερα
1018 3831 1174 3894 συνειρόντων.
1191 3827 1244 3874 Non
1262 3827 1316 3875 sinc
1331 3825 1469 3889 probahili-

378 3903 472 3969 ίχουσαν
484 3920 500 3955 e
510 3906 597 3956 codiee
608 3907 726 3957 Parisino.
936 3916 985 3954 tate
996 3907 1063 3973 ἕτεροι
1076 3907 1147 3969 ὅμοιοι
1158 3905 1217 3969 legit
1231 3905 1357 3954 Heindorf.
1372 3904 1403 3952 ad
1417 3905 1467 3952 Eu·

406 3980 521 4044 Ἔνθα,
532 3986 632 4051 ιίργιτο,
643 3983 716 4034 bene.
727 3983 776 4032 Sed
785 3982 874 4046 passim
884 3981 908 4030 in
937 3982 1006 4049 thyd.
1026 3983 1043 4048 §
1062 3987 1103 4033 63.
1125 3984 1201 4043 Quem
1221 3982 1252 4030 ad
1271 3983 1350 4030 locum
1372 3981 1425 4027 vide
1444 3992 1469 4027 cr

378 4059 417 4110 iilo
435 4062 512 4112 rerbd
530 4071 628 4127 asperat
650 4061 768 4128 syllabam
787 4062 908 4124 primam3
936 4060 1131 4110 Winckeimnnn.
1156 4076 1181 4124 p.
1202 4061 1257 4107 lli.
1277 4057 1415 4106 Damascius
1434 4058 1468 4105 De

377 4140 440 4205 qnod
451 4157 500 4191 non
510 4140 618 4201 exhibui,
631 4157 705 4207 quum
715 4139 849 4203 composita
861 4153 908 4187 non
936 4139 1015 4203 princ.
1029 4156 1055 4203 p.
1072 4140 1119 4186 352
1134 4157 1139 4185 ε
1152 4137 1178 4186 οὐ
1195 4141 1255 4186 λίνον
1272 4141 1340 4202 λίνῳ,
1356 4144 1382 4185 τὸ
1400 4141 1470 4199 λεγο-

378 4228 480 4283 asporet.
936 4236 1013 4279 μενον,
1032 4219 1092 4264 ἀλλά
1107 4234 1159 4263 τινοι
1177 4223 1301 4270 ποιητικὴν
1314 4221 1469 4278 μισγάγκειαν

409 4296 516 4348 ‘Codex
529 4302 599 4348 λίνον.
616 4297 665 4347 Sed
678 4297 756 4363 prima
768 4295 848 4348 brevis
862 4303 899 4344 est
936 4305 969 4360 τῷ
983 4298 1042 4361 λόγῳ
1059 4299 1204 4354 συνάγοντες.
1220 4291 1255 4341 lbi
1272 4292 1365 4356 Kopp.,
1380 4293 1469 4342 collato

379 4373 404 4422 in
418 4374 466 4423 ίιοο
480 4377 579 4437 nomine
592 4377 628 4427 sio
640 4391 706 4442 saepe
718 4385 842 4440 peccatur.
861 4373 909 4422 Eu·
937 4373 1016 4424 Walz.
1030 4372 1063 4422 ad
1073 4373 1159 4420 Arsen.
1174 4388 1198 4435 p.
1211 4373 1269 4431 336,
1284 4382 1308 4421 ει
1320 4373 1373 4437 ipso
1387 4389 1426 4422 me
1439 4374 1469 4420 ad

379 4452 495 4513 mathim,
517 4461 545 4517 l,
565 4472 592 4520 p.
613 4456 645 4502 95
662 4475 667 4504 :
684 4459 743 4505 λίνον
762 4458 823 4503 κατὰ
842 4458 910 4516 χιόνα
937 4449 1106 4501 AEneaulGaz.
1122 4467 1148 4514 p.
1163 4450 1217 4498 194.
