3684 5659
452 618 499 687 98
789 627 821 684 Γ.
851 625 925 685 ΤΟΥ
951 623 1205 686 [ΙΑΧΥΜΕΡΟΥΣ

451 761 523 826 λών.
547 758 760 841 Τίτηνάλλως
784 759 818 822 τὸ
842 763 895 823 τοῦ
913 754 1012 846 δήμου
1029 761 1192 850 προτείνεις
1207 760 1356 852 γράμμα,
1376 763 1448 845 καί,
1472 762 1545 851 πρὸς

452 865 497 947 οἷς
529 869 698 958 ἐτόλμησας
731 869 766 934 τὸ
800 864 914 953 δεινόν,
950 871 1003 935 καί
1034 877 1077 956 τῷ
1111 864 1197 958 δήμῳ
1229 874 1546 962 πρσςκατασκευάζεις

453 978 583 1060 ’όνειδοςς

501 1089 584 1160 Οἶδα
608 1094 657 1158 τὸν
682 1089 776 1179 δῆμον
803 1087 949 1175 ἐκδόντα,
974 1086 1046 1155 οἶδα
1068 1093 1120 1157 τόν
1143 1091 1267 1164 πολίτην
1293 1088 1491 1180 ἐκδεδομένον
1516 1091 1547 1171 ἑξ

453 1206 589 1295 ἀνάγκης
613 1205 665 1269 καί
687 1205 777 1282 τότε,
801 1204 854 1269 καί
880 1207 936 1268 σοῦ
959 1206 1135 1283 ζητοῦντος,
1163 1205 1216 1268 καί
1242 1204 1333 1291 νόμον
1358 1203 1544 1281 κελεύοντος.

451 1297 526 1381 Ᾰλλ’
543 1316 584 1392 ὡς
601 1320 660 1391 ζῶν
674 1309 839 1390 ἐξεδίδοτο.
860 1309 948 1379 Οὕτω
965 1314 1025 1404 γὰρ
1044 1318 1125 1401 ᾔτεις
1142 1315 1194 1378 καῖ
1213 1313 1263 1379 σύ.
1284 1289 1343 1381 ὅτε
1359 1310 1394 1380 δὲ
1410 1315 1446 1382 τὸ
1464 1312 1547 1408 ξίφος

453 1426 589 1518 ἀπέφερες
606 1433 649 1514 τῷ
666 1424 772 1514 πολίτῃ
785 1425 838 1489 καί
857 1427 1020 1515 όσφαττες,
1040 1425 1086 1500 τίς
1102 1419 1198 1512 δῆμος
1214 1420 1318 1491 ἐδίδου
1333 1426 1368 1492 τὸ
1385 1429 1545 1518 σφσίττειν;

451 1539 504 1604 καί
521 1539 611 1602 ποίαν
627 1537 680 1608 τὴν
697 1535 869 1628 ἐκχώρησιν
886 1531 986 1625 εἶχες,
1005 1535 1058 1601 καῖ
1076 1536 1161 1627 παρὰ
1181 1537 1263 1613 τίνος
1279 1536 1464 1626 ε’λάμθανες;
1482 1546 1548 1615 πῶς

452 1643 483 1712 δ’
502 1649 517 1714 ὁ
537 1645 632 1736 δῆμος
649 1642 752 1712 ἐδίδου
769 1648 820 1712 καί
841 1647 927 1722 τότε,
947 1645 1030 1736 λέγε.
1049 1644 1114 1711 Οὐκ
1131 1644 1240 1736 ἐνθυμῇ
1257 1648 1364 1735 πόσοις
1381 1646 1465 1738 ἐπῄει
1483 1644 1547 1714 δα-

451 1763 562 1851 κφῦσαι
571 1756 593 1844 ¹,
617 1760 668 1824 cad
684 1756 799 1823 ἑαυτῶν
811 1753 1018 1832 κατεύξασθαι
1035 1757 1088 1820 καῖ
1104 1765 1158 1831 τῆς
1172 1756 1305 1838 πόλεως,
1321 1760 1376 1823 καῖ
1390 1759 1548 1848 ἀριστείαν

453 1869 566 1942 ἐκείνην
581 1868 746 1934 ταλανίσαι
765 1870 817 1932 καί
836 1868 994 1959 τρόπαιον,
1011 1866 1064 1931 καί
1082 1867 1124 1953 μὴ
1141 1866 1234 1932 θέλειν
1250 1866 1375 1952 ἐκείνην,
1395 1871 1421 1933 εἰ
1437 1869 1547 1935 τσιαό-

451 2005 505 2052 την
521 1981 640 2068 ἔμελλες
658 1985 757 2057 ζητεῖν
776 1976 909 2070 δωρεάν;
929 1976 997 2043 ἀλλ’
1016 1975 1097 2064 ὅμως
1121 1970 1234 2066 (νόμος
1257 1981 1317 2069 γὰρ
1334 1977 1471 2064 ἐκέλευε,
1490 1981 1549 2046 κάν

453 2091 513 2157 ότι
531 2089 660 2175 ζητοῖς’,
681 2084 822 2176 διδόναι)
839 2084 960 2155 ε’δίδσνν
980 2090 1033 2153 καί
1057 2094 1196 2166 ἄκοντες.
1217 2092 1304 2165 Τίνος
1326 2085 1360 2155 δὲ
1382 2091 1418 2156 τὸ
1440 2094 1546 2183 ἔργσνς

453 2201 487 2267 οὐ
505 2198 538 2267 δὲ
556 2206 612 2267 σοῦ
632 2207 686 2267 τοῦ
707 2203 905 2276 αἰτήσαντος;
931 2197 969 2263 σὺ
989 2195 1019 2263 δ’
1045 2200 1131 2290 ἀφεῖς
1149 2201 1276 2266 σεαυτόν
1294 2203 1474 2286 αἰτιᾶσθαι,
1494 2203 1547 2269 καῖ

451 2313 508 2405 πρό
525 2317 577 2377 τοῦ
593 2311 757 2403 φονεύσας,
778 2312 924 2386 ἀπηνείας
941 2317 985 2397 τῷ
1002 2304 1090 2398 δήμῳ
1106 2313 1287 2402 πφσςάπτεις
1306 2311 1447 2402 ἔγκλημα
1462 2305 1471 2374 I

500 2403 574 2490 ἀλλ’
592 2423 606 2490 ὁ
626 2419 722 2511 δῆμος
741 2416 810 2512 (δεῖ
828 2423 890 2514 γὰρ
908 2418 1204 2512 ὑπεφαπολσγεῖσθαι
1219 2424 1272 2488 καί
1291 2416 1435 2511 τούτου),
1454 2424 1548 2512 μέσον

451 2537 644 2628 παρανομίας
663 2535 717 2600 καί
739 2534 886 2608 ἀπηνείας
909 2531 1049 2620 ληφθείς,
1075 2533 1128 2596 καί
1153 2540 1196 2618 τῷ
1217 2530 1271 2620 μὲν
1293 2534 1335 2620 μὴ
1358 2529 1481 2604 διδόναι
1501 2535 1547 2603 θτι

453 2648 571 2723 αῖτσίης
593 2645 682 2733 νόμον
705 2647 784 2733 ἔχων
807 2644 841 2709 τό
863 2644 1115 2734 προςιστάμενσν,
1138 2643 1173 2709 τό
1195 2639 1229 2708 δὲ
1248 2640 1368 2711 διδόναι
1388 2645 1478 2735 φύσιν
1494 2649 1547 2714 καί

452 2738 603 2827 θλληνικά
626 2757 684 2828 ἤθη
706 2753 871 2846 ἡγούμενος
888 2754 929 2818 τά
950 2751 1122 2838 κωλύοντα,
1143 2749 1206 2819 δεῖν
1223 2757 1300 2845 ἔγνω
1317 2757 1370 2821 καῖ
1390 2755 1464 2822 κατ’
1482 2761 1547 2848 ἀμ-

453 2869 563 2958 φότερα
585 2865 840 2956 ἀσφαλίσασθαι,
863 2864 917 2927 καί
940 2861 1099 2953 πληρῶσαι
1124 2862 1177 2952 μἐν
1197 2867 1249 2931 καί
1274 2867 1363 2953 νόμον
1385 2862 1546 2954 διδόντας,

453 2986 556 3068 φυγεῖν
573 2972 607 3040 δὲ
624 2977 676 3041 καῖ
698 2972 887 3067 θαρθαφικὴν
906 2974 1065 3057 ἀπήνειαν,
1086 2965 1137 3050 οὖς
1153 2971 1313 3065 ὑφέξοντας
1332 2977 1369 3041 ἀν
1385 2976 1490 3069 ἱλαρόν
1505 2987 1548 3066 τῷ

453 3088 527 3165 τέως
559 3083 760 3175 ἐκδιδομένῳ,
789 3091 825 3157 ἥν
851 3109 910 3150 που
936 3086 1060 3175 φανείη,
1088 3087 1140 3150 καῖ
1175 3087 1216 3151 τά
1243 3084 1316 3180 ὑπὲρ
1343 3087 1439 3155 αὐτοῦ
1464 3089 1547 3181 λέγοι

452 3195 575 3265 δίκαια.

502 3335 518 3368 ιι
533 3312 706 3379 Φανήσεται
727 3310 787 3399 γάρ
803 3332 818 3366 ν
836 3307 952 3398 ἔλεγον,
971 3330 988 3364 a
1004 3304 1035 3384 ἐξ
1053 3310 1207 3398 ἀνάγκης,
1227 3311 1279 3374 καῖ
1299 3321 1434 3402 προτενεῖ
1450 3314 1548 3381 πολλὰ

451 3504 600 3556 Sententiam
617 3505 782 3570 imperfectam
796 3504 925 3556 restituere
939 3519 984 3554 νο-
1010 3504 1199 3568 permutatione.
1216 3505 1343 3560 libanica.
1355 3516 1375 3557 t.
1390 3505 1433 3565 tt,
1448 3522 1474 3572 p.
1485 3508 1546 3557 225:

450 3586 496 3635 luit
515 3585 551 3634 vir
572 3584 609 3644 d.‚
631 3583 783 3648 conjiciendo
805 3586 853 3648 εἴγε
877 3583 984 3647 οὐθαμῶς
1010 3584 1106 3650 ἡγάτων
1122 3588 1175 3640 τοὺς
1194 3586 1377 3649 ἐντυγχάνοντας
1392 3593 1446 3653 πιρῖ
1462 3585 1546 3637 αὐτοῦ·

452 3668 543 3724 ἰξίσται
554 3665 627 3731 δῶρα.
637 3662 665 3712 ld
674 3663 740 3712 nullo
751 3662 825 3713 modo
834 3662 892 3712 eatis
905 3671 987 3728 potest
1011 3671 1053 3711 ποῖ
1073 3673 1114 3724 γῆς
1132 3664 1182 3713 ἐστι
1190 3683 1197 3723 ;
1216 3662 1302 3714 Codex
1322 3667 1397 3724 3017,
1414 3676 1457 3722 πῆ.
1478 3664 1549 3727 Quod

451 3744 549 3803 lacere,
563 3753 587 3792 et
601 3741 640 3792 οὐκ
653 3742 727 3799 ἄλλως
745 3753 782 3791 est
797 3741 875 3792 forma
887 3741 986 3791 dicendi
1010 3740 1159 3803 praetulerim
1172 3740 1261 3802 libens,
1272 3743 1317 3792 etsi
1328 3743 1403 3793 eciam
1418 3742 1461 3809 qui
1472 3743 1550 3808 poenit

450 3821 516 3885 apud
526 3818 684 3870 Menandrum
692 3835 740 3869 non
751 3820 901 3886 infrequens.
914 3821 985 3884 Puto,
1011 3828 1053 3868 ποῖ
1064 3817 1177 3879 delendi,
1190 3819 1210 3868 ai
1222 3820 1278 3870 libri
1291 3821 1467 3872 consentirent.
1480 3821 1548 3873 Idem

450 3898 548 3951 facilem
569 3898 726 3948 mutationem
749 3903 765 3954 lt
786 3918 826 3961 γε,
852 3913 898 3963 pro
921 3900 985 3962 εἴγε,
1011 3895 1036 3945 in
1053 3897 1114 3946 mele
1135 3897 1268 3948 Aneedotia
1284 3898 1328 3949 Gr.
1350 3909 1368 3948 t.
1389 3899 1417 3958 1,
1433 3914 1462 3966 p.
1478 3901 1547 3950 tto:

450 3978 560 4030 rufficere
575 3995 582 4028 ι
596 3995 607 4022 ε
619 3976 736 4026 volebant
752 3977 904 4041 imperatoris
916 3977 985 4041 peri·
1010 3977 1058 4026 εἴθε
1075 3983 1118 4026 ποῖ
1135 3987 1177 4040 γῆς
1193 3978 1245 4027 ἔστι
1261 3981 1273 4028 ὁ
1290 3981 1382 4029 κάκιστ’
1393 3979 1550 4044 &meldim

450 4058 531 4109 culum
540 4058 621 4108 lacere
629 4094 636 4117 ‚
644 4055 781 4106 antealtem
793 4073 841 4106 non
852 4056 899 4106 alio
909 4057 985 4108 modo
1010 4056 1137 4120 ἐπυθόμην.
1152 4055 1182 4104 m
1194 4055 1235 4105 hic
1247 4066 1280 4126 πη
1297 4056 1430 4121 legendum
1441 4057 1547 4108 ridetur.

450 4141 488 4201 lac
498 4134 575 4201 princ)
586 4148 688 4186 munera
696 4148 829 4199 orporea..
842 4153 854 4179 ι
1010 4133 1038 4183 ln
1051 4133 1192 4194 Herodoto,
1205 4136 1236 4193 5,
1252 4137 1299 4195 ta,
1314 4150 1360 4200 pro
1372 4145 1415 4186 net
1424 4146 1467 4199 γῆς
1480 4139 1548 4193 οἰκη-

484 4214 744 4282 ’ὒοόει,δακρὺσαι.
1010 4217 1076 4275 μένοι
1099 4222 1277 4276 reposuerunt,
1303 4223 1360 4278 poet
1382 4213 1547 4275 schalmum,

485 4292 582 4352 'llod.‚
596 4303 682 4355 ζητεῖς.
705 4290 796 4358 Scripsi
816 4299 905 4354 ζητεῖς.
923 4289 985 4339 lere
1010 4289 1248 4355 Schneighreoaema
1267 4301 1293 4340 et
1310 4291 1417 4342 Baelrrioe
1433 4309 1448 4343 e
1462 4292 1549 4342 codice

449 4370 571 4422 malebam
583 4378 688 4432 ζητοίης.
701 4369 745 4419 Eat
754 4365 816 4418 infra
824 4371 926 4424 αἰτοίης.
934 4367 984 4418 Sed
1009 4379 1056 4428 πῆ,
1068 4384 1140 4433 quam
1152 4368 1349 4419 emendationem
1364 4368 1469 4421 absolvit
1482 4369 1549 4420 eet-

450 4451 481 4500 ad
495 4459 573 4511 ζητοῖς
586 4448 694 4498 ducebar
709 4447 780 4498 solita
793 4445 911 4496 vocalium
926 4464 946 4494 ει
960 4464 983 4496 σι
1010 4445 1097 4507 lerna,
1109 4448 1214 4499 ionicam
1223 4448 1325 4500 formam
1336 4449 1514 4518 attreetituem.
