<?xml version="1.0" encoding="UTF-8"?>
<!DOCTYPE html PUBLIC "-//W3C//DTD XHTML 1.0 Transitional//EN"
    "http://www.w3.org/TR/xhtml1/DTD/xhtml1-transitional.dtd">
<html xmlns="http://www.w3.org/1999/xhtml" xml:lang="en" lang="en">
 <head>
  <title>
</title>
<meta http-equiv="Content-Type" content="text/html;charset=utf-8" />
  <meta name='ocr-system' content='tesseract 3.04.00' />
  <meta name='ocr-capabilities' content='ocr_page ocr_carea ocr_par ocr_line ocrx_word'/>
</head>
<body>
  <div class='ocr_page' id='page_1' title='image "./gpachymerisdecl00hiergoog_0131.png"; bbox 0 0 3684 5659; ppageno 0'>
   <div class='ocr_carea' id='block_1_1' title="bbox 808 611 1471 691">
    <p class='ocr_par' dir='ltr' id='par_1_1' title="bbox 808 611 1471 691">
     <span class='ocr_line' id='line_1_1' title="bbox 808 611 1471 691; baseline -0.003 -7"><span class='ocrx_word' id='word_1_1' title='bbox 808 623 964 684; x_wconf 77' lang='grc' dir='ltr'><strong><em>κκικππ</em></strong></span> <span class='ocrx_word' id='word_1_2' title='bbox 990 611 1042 687; x_wconf 75' lang='grc' dir='ltr'><strong><em>ς’.</em></strong></span> <span class='ocrx_word' id='word_1_3' title='bbox 1404 623 1471 691; x_wconf 76' lang='grc' dir='ltr'><strong><em>τοι</em></strong></span> 
     </span>
    </p>
   </div>
   <div class='ocr_carea' id='block_1_2' title="bbox 370 756 1473 3852">
    <p class='ocr_par' dir='ltr' id='par_1_2' title="bbox 370 756 1473 3728">
     <span class='ocr_line' id='line_1_2' title="bbox 377 756 1473 889; baseline 0 -65"><span class='ocrx_word' id='word_1_4' title='bbox 377 757 495 839; x_wconf 77' lang='grc' dir='ltr'><strong><em>πλὴν</em></strong></span> <span class='ocrx_word' id='word_1_5' title='bbox 469 781 513 834; x_wconf 89' lang='grc' dir='ltr'><strong><em>εις</em></strong></span> <span class='ocrx_word' id='word_1_6' title='bbox 530 757 647 889; x_wconf 83' lang='grc' dir='ltr'><strong><em>ἀγαθὸν</em></strong></span> <span class='ocrx_word' id='word_1_7' title='bbox 665 782 717 822; x_wconf 88' lang='grc' dir='ltr'><strong><em>και</em></strong></span> <span class='ocrx_word' id='word_1_8' title='bbox 736 757 885 848; x_wconf 88' lang='grc' dir='ltr'><strong><em>συμφέρον</em></strong></span> <span class='ocrx_word' id='word_1_9' title='bbox 902 765 961 838; x_wconf 80' lang='grc' dir='ltr'><strong><em>τῶν</em></strong></span> <span class='ocrx_word' id='word_1_10' title='bbox 977 756 1119 823; x_wconf 83' lang='grc' dir='ltr'><strong><em>πολιτῶν.</em></strong></span> <span class='ocrx_word' id='word_1_11' title='bbox 1141 758 1242 822; x_wconf 83' lang='grc' dir='ltr'><strong><em>Καί</em></strong></span> <span class='ocrx_word' id='word_1_12' title='bbox 1220 784 1316 850; x_wconf 88' lang='grc' dir='ltr'><strong><em>ωςπερ</em></strong></span> <span class='ocrx_word' id='word_1_13' title='bbox 1335 762 1473 852; x_wconf 78' lang='grc' dir='ltr'><strong><em>ἀριστευς</em></strong></span> 
     </span>
     <span class='ocr_line' id='line_1_3' title="bbox 375 863 1471 980; baseline 0.002 -47"><span class='ocrx_word' id='word_1_14' title='bbox 375 869 510 959; x_wconf 84' lang='grc' dir='ltr'><strong><em>γεγονὼς</em></strong></span> <span class='ocrx_word' id='word_1_15' title='bbox 525 869 560 933; x_wconf 84' lang='grc' dir='ltr'><strong><em>τὸ</em></strong></span> <span class='ocrx_word' id='word_1_16' title='bbox 577 865 688 958; x_wconf 81' lang='grc' dir='ltr'><strong>πρέπον</strong></span> <span class='ocrx_word' id='word_1_17' title='bbox 705 863 770 955; x_wconf 79' lang='grc' dir='ltr'><strong><em>εἶχε</em></strong></span> <span class='ocrx_word' id='word_1_18' title='bbox 789 870 930 942; x_wconf 82' lang='grc' dir='ltr'><strong><em>ζητεῖν’</em></strong></span> <span class='ocrx_word' id='word_1_19' title='bbox 905 893 947 944; x_wconf 90' lang='grc' dir='ltr'><strong><em>εις</em></strong></span> <span class='ocrx_word' id='word_1_20' title='bbox 964 870 1065 955; x_wconf 76' lang='grc' dir='ltr'><strong><em>τιμήν,</em></strong></span> <span class='ocrx_word' id='word_1_21' title='bbox 1087 865 1164 934; x_wconf 85' lang='grc' dir='ltr'><strong><em>ούτω</em></strong></span> <span class='ocrx_word' id='word_1_22' title='bbox 1182 871 1233 934; x_wconf 82' lang='grc' dir='ltr'><strong><em>καί</em></strong></span> <span class='ocrx_word' id='word_1_23' title='bbox 1253 869 1357 980; x_wconf 84' lang='grc' dir='ltr'><strong><em>φονεὺς</em></strong></span> <span class='ocrx_word' id='word_1_24' title='bbox 1374 895 1471 963; x_wconf 87' lang='grc' dir='ltr'><strong><em>πεφη</em></strong></span> 
     </span>
     <span class='ocr_line' id='line_1_4' title="bbox 373 974 1472 1075; baseline 0.003 -32"><span class='ocrx_word' id='word_1_25' title='bbox 373 979 433 1055; x_wconf 82' lang='grc' dir='ltr'><strong><em>νὼς</em></strong></span> <span class='ocrx_word' id='word_1_26' title='bbox 450 979 485 1044; x_wconf 85' lang='grc' dir='ltr'><strong><em>τὸ</em></strong></span> <span class='ocrx_word' id='word_1_27' title='bbox 509 977 621 1070; x_wconf 82' lang='grc' dir='ltr'><strong>πρέπον</strong></span> <span class='ocrx_word' id='word_1_28' title='bbox 643 985 696 1052; x_wconf 78' lang='grc' dir='ltr'><strong><em>τῆς</em></strong></span> <span class='ocrx_word' id='word_1_29' title='bbox 719 979 865 1070; x_wconf 89' lang='grc' dir='ltr'><strong><em>τιμωρίας</em></strong></span> <span class='ocrx_word' id='word_1_30' title='bbox 892 974 1060 1054; x_wconf 75' lang='grc' dir='ltr'><strong><em>δικαίως</em></strong></span> <span class='ocrx_word' id='word_1_31' title='bbox 1042 1002 1079 1043; x_wconf 92' lang='grc' dir='ltr'><strong><em>αν</em></strong></span> <span class='ocrx_word' id='word_1_32' title='bbox 1102 977 1246 1066; x_wconf 80' lang='grc' dir='ltr'><strong><em>λύψαιτο.</em></strong></span> <span class='ocrx_word' id='word_1_33' title='bbox 1270 984 1362 1069; x_wconf 89' lang='grc' dir='ltr'><strong><em>Εχεις</em></strong></span> <span class='ocrx_word' id='word_1_34' title='bbox 1382 991 1472 1075; x_wconf 87' lang='grc' dir='ltr'><strong><em>χεῖρα</em></strong></span> 
     </span>
     <span class='ocr_line' id='line_1_5' title="bbox 373 1087 1469 1181; baseline 0.003 -27"><span class='ocrx_word' id='word_1_35' title='bbox 373 1089 519 1179; x_wconf 78' lang='grc' dir='ltr'><strong><em>γενναίαν</em></strong></span> <span class='ocrx_word' id='word_1_36' title='bbox 535 1089 588 1152; x_wconf 84' lang='grc' dir='ltr'><strong><em>καί</em></strong></span> <span class='ocrx_word' id='word_1_37' title='bbox 612 1089 764 1180; x_wconf 80' lang='grc' dir='ltr'><strong><em>θοίρῤος’</em></strong></span> <span class='ocrx_word' id='word_1_38' title='bbox 745 1088 882 1180; x_wconf 70' lang='grc' dir='ltr'><strong><em>αρεϊκόν,</em></strong></span> <span class='ocrx_word' id='word_1_39' title='bbox 906 1088 949 1175; x_wconf 78' lang='grc' dir='ltr'><strong><em>μὴ</em></strong></span> <span class='ocrx_word' id='word_1_40' title='bbox 966 1087 1110 1181; x_wconf 87' lang='grc' dir='ltr'><strong><em>ἐπιχείρει</em></strong></span> <span class='ocrx_word' id='word_1_41' title='bbox 1126 1099 1189 1165; x_wconf 84' lang='grc' dir='ltr'><strong><em>τοῖς</em></strong></span> <span class='ocrx_word' id='word_1_42' title='bbox 1207 1090 1346 1167; x_wconf 81' lang='grc' dir='ltr'><strong><em>πολίταις</em></strong></span> <span class='ocrx_word' id='word_1_43' title='bbox 1362 1089 1469 1179; x_wconf 84' lang='grc' dir='ltr'><strong><em>μηδέν.</em></strong></span> 
     </span>
     <span class='ocr_line' id='line_1_6' title="bbox 370 1194 1469 1292; baseline 0.005 -30"><span class='ocrx_word' id='word_1_44' title='bbox 370 1198 465 1263; x_wconf 80' lang='grc' dir='ltr'><strong><em>Εἰσὶν</em></strong></span> <span class='ocrx_word' id='word_1_45' title='bbox 489 1196 592 1289; x_wconf 82' lang='grc' dir='ltr'><strong><em>ἐχθροί</em></strong></span> <span class='ocrx_word' id='word_1_46' title='bbox 620 1198 673 1262; x_wconf 84' lang='grc' dir='ltr'><strong><em>καί</em></strong></span> <span class='ocrx_word' id='word_1_47' title='bbox 704 1194 831 1262; x_wconf 88' lang='grc' dir='ltr'><strong><em>ἐναντίοι</em></strong></span> <span class='ocrx_word' id='word_1_48' title='bbox 852 1205 889 1286; x_wconf 76' lang='grc' dir='ltr'><strong><em>τῇ</em></strong></span> <span class='ocrx_word' id='word_1_49' title='bbox 912 1196 1016 1262; x_wconf 87' lang='grc' dir='ltr'><strong><em>πόλει·</em></strong></span> <span class='ocrx_word' id='word_1_50' title='bbox 1042 1199 1115 1289; x_wconf 85' lang='grc' dir='ltr'><strong><em>πρὸς</em></strong></span> <span class='ocrx_word' id='word_1_51' title='bbox 1140 1198 1271 1276; x_wconf 83' lang='grc' dir='ltr'><strong><em>ἐκείνους</em></strong></span> <span class='ocrx_word' id='word_1_52' title='bbox 1297 1201 1469 1292; x_wconf 89' lang='grc' dir='ltr'><strong><em>φιλοτίμου,</em></strong></span> 
     </span>
     <span class='ocr_line' id='line_1_7' title="bbox 373 1305 1472 1396; baseline 0.003 -22"><span class='ocrx_word' id='word_1_53' title='bbox 373 1311 473 1396; x_wconf 81' lang='grc' dir='ltr'><strong><em>θυμοῦ</em></strong></span> <span class='ocrx_word' id='word_1_54' title='bbox 486 1307 557 1374; x_wconf 84' lang='grc' dir='ltr'><strong><em>κατ’</em></strong></span> <span class='ocrx_word' id='word_1_55' title='bbox 571 1307 704 1374; x_wconf 85' lang='grc' dir='ltr'><strong><em>ἐκείνων·</em></strong></span> <span class='ocrx_word' id='word_1_56' title='bbox 720 1306 823 1384; x_wconf 83' lang='grc' dir='ltr'><strong><em>θπλιζε</em></strong></span> <span class='ocrx_word' id='word_1_57' title='bbox 839 1305 971 1385; x_wconf 79' lang='grc' dir='ltr'><strong><em>τούτοιςι</em></strong></span> <span class='ocrx_word' id='word_1_58' title='bbox 983 1309 1037 1379; x_wconf 77' lang='grc' dir='ltr'><strong><em>τήν</em></strong></span> <span class='ocrx_word' id='word_1_59' title='bbox 1051 1305 1166 1385; x_wconf 78' lang='grc' dir='ltr'><strong><em>δεξιάν.</em></strong></span> <span class='ocrx_word' id='word_1_60' title='bbox 1184 1310 1283 1377; x_wconf 84' lang='grc' dir='ltr'><strong><em>Καλὸν</em></strong></span> <span class='ocrx_word' id='word_1_61' title='bbox 1296 1311 1412 1378; x_wconf 78' lang='grc' dir='ltr'><strong><em>ἐσεῖταί</em></strong></span> <span class='ocrx_word' id='word_1_62' title='bbox 1423 1335 1472 1377; x_wconf 86' lang='grc' dir='ltr'><strong><em>σοι</em></strong></span> 
     </span>
     <span class='ocr_line' id='line_1_8' title="bbox 374 1413 1473 1514; baseline 0.004 -29"><span class='ocrx_word' id='word_1_63' title='bbox 374 1420 409 1485; x_wconf 85' lang='grc' dir='ltr'><strong><em>τὸ</em></strong></span> <span class='ocrx_word' id='word_1_64' title='bbox 426 1421 607 1510; x_wconf 75' lang='grc' dir='ltr'><strong><em>ἀγώνισμα·</em></strong></span> <span class='ocrx_word' id='word_1_65' title='bbox 628 1420 682 1490; x_wconf 76' lang='grc' dir='ltr'><strong><em>τὴν</em></strong></span> <span class='ocrx_word' id='word_1_66' title='bbox 696 1413 798 1495; x_wconf 81' lang='grc' dir='ltr'><strong><em>δεξιὰν</em></strong></span> <span class='ocrx_word' id='word_1_67' title='bbox 812 1420 1056 1510; x_wconf 87' lang='grc' dir='ltr'><strong><em>στεφανώσονσιν</em></strong></span> <span class='ocrx_word' id='word_1_68' title='bbox 1070 1421 1098 1485; x_wconf 81' lang='grc' dir='ltr'><strong><em>οἱ</em></strong></span> <span class='ocrx_word' id='word_1_69' title='bbox 1113 1420 1254 1502; x_wconf 79' lang='grc' dir='ltr'><strong><em>πολῖται,</em></strong></span> <span class='ocrx_word' id='word_1_70' title='bbox 1271 1424 1322 1487; x_wconf 82' lang='grc' dir='ltr'><strong><em>καὶ</em></strong></span> <span class='ocrx_word' id='word_1_71' title='bbox 1338 1415 1473 1514; x_wconf 85' lang='grc' dir='ltr'><strong><em>λαμπρὸν</em></strong></span> 
     </span>
     <span class='ocr_line' id='line_1_9' title="bbox 373 1524 1473 1624; baseline 0.002 -28"><span class='ocrx_word' id='word_1_72' title='bbox 373 1531 427 1596; x_wconf 78' lang='grc' dir='ltr'><strong><em>τὸν</em></strong></span> <span class='ocrx_word' id='word_1_73' title='bbox 441 1527 607 1623; x_wconf 76' lang='grc' dir='ltr'><strong><em>θρίαμθον’</em></strong></span> <span class='ocrx_word' id='word_1_74' title='bbox 618 1526 756 1607; x_wconf 75' lang='grc' dir='ltr'><strong><em>ἄξουσιν.</em></strong></span> <span class='ocrx_word' id='word_1_75' title='bbox 775 1533 813 1594; x_wconf 71' lang='lat' dir='ltr'><strong><em>Ei</em></strong></span> <span class='ocrx_word' id='word_1_76' title='bbox 831 1525 884 1614; x_wconf 84' lang='grc' dir='ltr'><strong><em>δέ,</em></strong></span> <span class='ocrx_word' id='word_1_77' title='bbox 903 1524 1041 1622; x_wconf 85' lang='grc' dir='ltr'><strong><em>παριδὼν</em></strong></span> <span class='ocrx_word' id='word_1_78' title='bbox 1057 1529 1127 1606; x_wconf 79' lang='grc' dir='ltr'><strong><em>τοὺς</em></strong></span> <span class='ocrx_word' id='word_1_79' title='bbox 1143 1529 1283 1624; x_wconf 89' lang='grc' dir='ltr'><strong><em>ἐχθρούς,</em></strong></span> <span class='ocrx_word' id='word_1_80' title='bbox 1298 1542 1362 1609; x_wconf 83' lang='grc' dir='ltr'><strong><em>τοῖς</em></strong></span> <span class='ocrx_word' id='word_1_81' title='bbox 1377 1532 1473 1624; x_wconf 92' lang='grc' dir='ltr'><strong><em>φίλοις</em></strong></span> 
     </span>
     <span class='ocr_line' id='line_1_10' title="bbox 373 1633 1473 1772; baseline 0.001 -66"><span class='ocrx_word' id='word_1_82' title='bbox 373 1640 557 1733; x_wconf 80' lang='grc' dir='ltr'><strong><em>ἐπιχειρεῖς,</em></strong></span> <span class='ocrx_word' id='word_1_83' title='bbox 582 1664 669 1716; x_wconf 91' lang='grc' dir='ltr'><strong><em>ουτος</em></strong></span> <span class='ocrx_word' id='word_1_84' title='bbox 688 1641 797 1750; x_wconf 87' lang='grc' dir='ltr'><strong><em>τρόπος</em></strong></span> <span class='ocrx_word' id='word_1_85' title='bbox 814 1648 873 1704; x_wconf 87' lang='grc' dir='ltr'><strong><em>τῶν</em></strong></span> <span class='ocrx_word' id='word_1_86' title='bbox 889 1639 1113 1728; x_wconf 81' lang='grc' dir='ltr'><strong><em>αἰσθανομένων</em></strong></span> <span class='ocrx_word' id='word_1_87' title='bbox 1134 1633 1290 1727; x_wconf 84' lang='grc' dir='ltr'><strong><em>μηδέν,</em></strong></span> <span class='ocrx_word' id='word_1_88' title='bbox 1261 1666 1347 1718; x_wconf 91' lang='grc' dir='ltr'><strong><em>ουτος</em></strong></span> <span class='ocrx_word' id='word_1_89' title='bbox 1365 1644 1473 1772; x_wconf 85' lang='grc' dir='ltr'><strong><em>τρύπρς</em></strong></span> 
     </span>
     <span class='ocr_line' id='line_1_11' title="bbox 373 1745 1473 1843; baseline 0.002 -28"><span class='ocrx_word' id='word_1_90' title='bbox 373 1758 435 1817; x_wconf 81' lang='grc' dir='ltr'><strong><em>τῶν</em></strong></span> <span class='ocrx_word' id='word_1_91' title='bbox 451 1748 655 1839; x_wconf 81' lang='grc' dir='ltr'><strong><em>μαινομένων.</em></strong></span> <span class='ocrx_word' id='word_1_92' title='bbox 674 1754 793 1816; x_wconf 89' lang='grc' dir='ltr'><strong><em>Εκεῖνοι</em></strong></span> <span class='ocrx_word' id='word_1_93' title='bbox 812 1745 959 1816; x_wconf 82' lang='grc' dir='ltr'><strong><em>δάκνουσι</em></strong></span> <span class='ocrx_word' id='word_1_94' title='bbox 974 1750 1044 1827; x_wconf 81' lang='grc' dir='ltr'><strong><em>τοὺς</em></strong></span> <span class='ocrx_word' id='word_1_95' title='bbox 1060 1750 1295 1843; x_wconf 81' lang='grc' dir='ltr'><strong><em>θεραπευτάς,’</em></strong></span> <span class='ocrx_word' id='word_1_96' title='bbox 1281 1761 1389 1819; x_wconf 86' lang='grc' dir='ltr'><strong><em>εκεῖνοι</em></strong></span> <span class='ocrx_word' id='word_1_97' title='bbox 1403 1752 1473 1829; x_wconf 80' lang='grc' dir='ltr'><strong><em>τοὺς</em></strong></span> 
     </span>
     <span class='ocr_line' id='line_1_12' title="bbox 372 1861 1473 1956; baseline 0.001 -29"><span class='ocrx_word' id='word_1_98' title='bbox 372 1861 537 1940; x_wconf 72' lang='grc' dir='ltr'><strong><em>οἰκείους</em></strong></span> <span class='ocrx_word' id='word_1_99' title='bbox 523 1870 712 1955; x_wconf 85' lang='grc' dir='ltr'><strong><em>υφορῶνται,</em></strong></span> <span class='ocrx_word' id='word_1_100' title='bbox 732 1863 832 1929; x_wconf 79' lang='grc' dir='ltr'><strong><em>καί</em></strong></span> <span class='ocrx_word' id='word_1_101' title='bbox 803 1886 854 1930; x_wconf 85' lang='grc' dir='ltr'><strong><em>τον</em></strong></span> <span class='ocrx_word' id='word_1_102' title='bbox 872 1864 926 1934; x_wconf 70' lang='grc' dir='ltr'><strong><em>τὴν</em></strong></span> <span class='ocrx_word' id='word_1_103' title='bbox 945 1863 1140 1954; x_wconf 85' lang='grc' dir='ltr'><strong><em>θεραπείαν’</em></strong></span> <span class='ocrx_word' id='word_1_104' title='bbox 1127 1888 1196 1928; x_wconf 88' lang='grc' dir='ltr'><strong><em>επα</em></strong></span> <span class='ocrx_word' id='word_1_105' title='bbox 1186 1887 1279 1954; x_wconf 81' lang='grc' dir='ltr'><strong><em>γοντα</em></strong></span> <span class='ocrx_word' id='word_1_106' title='bbox 1297 1865 1447 1956; x_wconf 73' lang='grc' dir='ltr'><strong><em>ίατρόν,“</em></strong></span> <span class='ocrx_word' id='word_1_107' title='bbox 1432 1890 1473 1939; x_wconf 91' lang='grc' dir='ltr'><strong><em>ως</em></strong></span> 
     </span>
     <span class='ocr_line' id='line_1_13' title="bbox 373 1973 1473 2066; baseline -0.001 -26"><span class='ocrx_word' id='word_1_108' title='bbox 373 1979 522 2041; x_wconf 82' lang='grc' dir='ltr'><strong><em>ποιοῦντα</em></strong></span> <span class='ocrx_word' id='word_1_109' title='bbox 535 1974 658 2051; x_wconf 79' lang='grc' dir='ltr'><strong><em>τούτους</em></strong></span> <span class='ocrx_word' id='word_1_110' title='bbox 671 1976 711 2039; x_wconf 83' lang='grc' dir='ltr'><strong><em>τὰ</em></strong></span> <span class='ocrx_word' id='word_1_111' title='bbox 725 1978 862 2063; x_wconf 88' lang='grc' dir='ltr'><strong><em>ἔσχατα,</em></strong></span> <span class='ocrx_word' id='word_1_112' title='bbox 880 1973 1131 2066; x_wconf 78' lang='grc' dir='ltr'><strong><em>ἀποστρέφονται,</em></strong></span> <span class='ocrx_word' id='word_1_113' title='bbox 1147 1975 1200 2039; x_wconf 86' lang='grc' dir='ltr'><strong><em>καί</em></strong></span> <span class='ocrx_word' id='word_1_114' title='bbox 1214 1975 1319 2066; x_wconf 87' lang='grc' dir='ltr'><strong><em>καιρὸν</em></strong></span> <span class='ocrx_word' id='word_1_115' title='bbox 1332 1973 1473 2050; x_wconf 74' lang='grc' dir='ltr'><strong><em>λαθόντες</em></strong></span> 
     </span>
     <span class='ocr_line' id='line_1_14' title="bbox 373 2081 1471 2177; baseline -0.001 -26"><span class='ocrx_word' id='word_1_116' title='bbox 373 2084 542 2157; x_wconf 80' lang='grc' dir='ltr'><strong><em>πλήττονσι</em></strong></span> <span class='ocrx_word' id='word_1_117' title='bbox 559 2087 611 2151; x_wconf 83' lang='grc' dir='ltr'><strong><em>καί</em></strong></span> <span class='ocrx_word' id='word_1_118' title='bbox 632 2081 833 2176; x_wconf 51' lang='grc' dir='ltr'><strong><em>φονεύουσινθ.</em></strong></span> <span class='ocrx_word' id='word_1_119' title='bbox 860 2088 897 2149; x_wconf 80' lang='grc' dir='ltr'><strong><em>Εἰ</em></strong></span> <span class='ocrx_word' id='word_1_120' title='bbox 914 2083 984 2149; x_wconf 90' lang='grc' dir='ltr'><strong><em>κατ’</em></strong></span> <span class='ocrx_word' id='word_1_121' title='bbox 1003 2084 1118 2177; x_wconf 81' lang='grc' dir='ltr'><strong><em>ἐχθρῶν</em></strong></span> <span class='ocrx_word' id='word_1_122' title='bbox 1135 2083 1324 2177; x_wconf 78' lang='grc' dir='ltr'><strong><em>ἀριστεύσας</em></strong></span> <span class='ocrx_word' id='word_1_123' title='bbox 1341 2088 1393 2151; x_wconf 76' lang='grc' dir='ltr'><strong><em>καί</em></strong></span> <span class='ocrx_word' id='word_1_124' title='bbox 1411 2110 1471 2150; x_wconf 92' lang='grc' dir='ltr'><strong><em>πο-</em></strong></span> 
     </span>
     <span class='ocr_line' id='line_1_15' title="bbox 374 2193 1471 2288; baseline -0.001 -28"><span class='ocrx_word' id='word_1_125' title='bbox 374 2194 460 2267; x_wconf 81' lang='grc' dir='ltr'><strong><em>λίτου</em></strong></span> <span class='ocrx_word' id='word_1_126' title='bbox 480 2194 652 2286; x_wconf 79' lang='grc' dir='ltr'><strong><em>φονεύσεις,</em></strong></span> <span class='ocrx_word' id='word_1_127' title='bbox 679 2193 781 2282; x_wconf 83' lang='grc' dir='ltr'><strong><em>ὅμοιον</em></strong></span> <span class='ocrx_word' id='word_1_128' title='bbox 806 2204 902 2271; x_wconf 85' lang='grc' dir='ltr'><strong><em>ποιεῖς</em></strong></span> <span class='ocrx_word' id='word_1_129' title='bbox 926 2194 1021 2286; x_wconf 83' lang='grc' dir='ltr'><strong><em>ὥςπερ</em></strong></span> <span class='ocrx_word' id='word_1_130' title='bbox 1051 2195 1088 2261; x_wconf 83' lang='grc' dir='ltr'><strong><em>ἂν</em></strong></span> <span class='ocrx_word' id='word_1_131' title='bbox 1114 2199 1159 2278; x_wconf 90' lang='grc' dir='ltr'><strong><em>εί,</em></strong></span> <span class='ocrx_word' id='word_1_132' title='bbox 1185 2194 1366 2288; x_wconf 77' lang='grc' dir='ltr'><strong><em>κυθερνήτης</em></strong></span> <span class='ocrx_word' id='word_1_133' title='bbox 1389 2195 1471 2268; x_wconf 78' lang='grc' dir='ltr'><strong><em>ὣνῆ</em></strong></span> 
     </span>
     <span class='ocr_line' id='line_1_16' title="bbox 373 2301 1472 2397; baseline -0.001 -26"><span class='ocrx_word' id='word_1_134' title='bbox 373 2307 530 2397; x_wconf 89' lang='grc' dir='ltr'><strong><em>γεωργός,</em></strong></span> <span class='ocrx_word' id='word_1_135' title='bbox 550 2307 603 2377; x_wconf 75' lang='grc' dir='ltr'><strong><em>τίον</em></strong></span> <span class='ocrx_word' id='word_1_136' title='bbox 619 2304 674 2393; x_wconf 88' lang='grc' dir='ltr'><strong><em>μὲν</em></strong></span> <span class='ocrx_word' id='word_1_137' title='bbox 694 2303 765 2377; x_wconf 83' lang='grc' dir='ltr'><strong><em>ὅλην</em></strong></span> <span class='ocrx_word' id='word_1_138' title='bbox 783 2310 856 2371; x_wconf 84' lang='grc' dir='ltr'><strong><em>ναῦν</em></strong></span> <span class='ocrx_word' id='word_1_139' title='bbox 872 2309 1004 2397; x_wconf 76' lang='grc' dir='ltr'><strong>προῃροῦ</strong></span> <span class='ocrx_word' id='word_1_140' title='bbox 1022 2306 1143 2389; x_wconf 85' lang='grc' dir='ltr'><strong><em>σώζειν,</em></strong></span> <span class='ocrx_word' id='word_1_141' title='bbox 1163 2307 1236 2392; x_wconf 90' lang='grc' dir='ltr'><strong><em>μίαν</em></strong></span> <span class='ocrx_word' id='word_1_142' title='bbox 1253 2301 1286 2369; x_wconf 86' lang='grc' dir='ltr'><strong><em>δὲ</em></strong></span> <span class='ocrx_word' id='word_1_143' title='bbox 1303 2314 1472 2394; x_wconf 86' lang='grc' dir='ltr'><strong><em>παρασπῶν</em></strong></span> 
     </span>
     <span class='ocr_line' id='line_1_17' title="bbox 375 2408 1473 2509; baseline -0.003 -28"><span class='ocrx_word' id='word_1_144' title='bbox 375 2424 436 2482; x_wconf 84' lang='grc' dir='ltr'><strong><em>τῶν</em></strong></span> <span class='ocrx_word' id='word_1_145' title='bbox 458 2413 593 2483; x_wconf 88' lang='grc' dir='ltr'><strong><em>σανίδων</em></strong></span> <span class='ocrx_word' id='word_1_146' title='bbox 617 2441 678 2509; x_wconf 92' lang='grc' dir='ltr'><strong><em>παρ</em></strong></span> <span class='ocrx_word' id='word_1_147' title='bbox 682 2412 796 2482; x_wconf 84' lang='grc' dir='ltr'><strong><em>ὀύδεν</em></strong></span> <span class='ocrx_word' id='word_1_148' title='bbox 819 2415 942 2493; x_wconf 79' lang='grc' dir='ltr'><strong><em>ἐτίθεις·</em></strong></span> <span class='ocrx_word' id='word_1_149' title='bbox 960 2422 1004 2499; x_wconf 82' lang='grc' dir='ltr'><strong><em>ἥ,</em></strong></span> <span class='ocrx_word' id='word_1_150' title='bbox 1024 2413 1195 2507; x_wconf 89' lang='grc' dir='ltr'><strong><em>θεραπεύων</em></strong></span> <span class='ocrx_word' id='word_1_151' title='bbox 1216 2413 1269 2502; x_wconf 85' lang='grc' dir='ltr'><strong><em>μὲν</em></strong></span> <span class='ocrx_word' id='word_1_152' title='bbox 1290 2415 1324 2478; x_wconf 86' lang='grc' dir='ltr'><strong><em>τὸ</em></strong></span> <span class='ocrx_word' id='word_1_153' title='bbox 1349 2408 1473 2504; x_wconf 77' lang='grc' dir='ltr'><strong><em>δένδρον</em></strong></span> 
     </span>
     <span class='ocr_line' id='line_1_18' title="bbox 376 2521 1468 2616; baseline -0.005 -23"><span class='ocrx_word' id='word_1_154' title='bbox 376 2526 511 2612; x_wconf 50' lang='lat' dir='ltr'><strong><em>dms</em></strong></span> <span class='ocrx_word' id='word_1_155' title='bbox 496 2528 681 2616; x_wconf 86' lang='grc' dir='ltr'><strong><em>εμιίσχενες,</em></strong></span> <span class='ocrx_word' id='word_1_156' title='bbox 701 2527 803 2592; x_wconf 84' lang='grc' dir='ltr'><strong><em>κλῶνα</em></strong></span> <span class='ocrx_word' id='word_1_157' title='bbox 823 2521 886 2591; x_wconf 90' lang='grc' dir='ltr'><strong><em>δ”</em></strong></span> <span class='ocrx_word' id='word_1_158' title='bbox 872 2534 991 2591; x_wconf 87' lang='grc' dir='ltr'><strong><em>εκσπών</em></strong></span> <span class='ocrx_word' id='word_1_159' title='bbox 1007 2522 1061 2589; x_wconf 78' lang='grc' dir='ltr'><strong><em>ἕνα</em></strong></span> <span class='ocrx_word' id='word_1_160' title='bbox 1078 2524 1097 2595; x_wconf 76' lang='grc' dir='ltr'><strong>ἢ</strong></span> <span class='ocrx_word' id='word_1_161' title='bbox 1114 2527 1188 2611; x_wconf 92' lang='grc' dir='ltr'><strong><em>μίαν</em></strong></span> <span class='ocrx_word' id='word_1_162' title='bbox 1205 2523 1350 2609; x_wconf 76' lang='grc' dir='ltr'><strong><em>ἐκτέμνειν</em></strong></span> <span class='ocrx_word' id='word_1_163' title='bbox 1367 2525 1468 2614; x_wconf 83' lang='grc' dir='ltr'><strong><em>ρίζαν,</em></strong></span> 
     </span>
     <span class='ocr_line' id='line_1_19' title="bbox 374 2612 1470 2768; baseline -0.006 -65"><span class='ocrx_word' id='word_1_164' title='bbox 374 2637 432 2704; x_wconf 80' lang='grc' dir='ltr'><strong><em>οὐκ</em></strong></span> <span class='ocrx_word' id='word_1_165' title='bbox 449 2642 511 2726; x_wconf 83' lang='grc' dir='ltr'><strong><em>ᾤου</em></strong></span> <span class='ocrx_word' id='word_1_166' title='bbox 528 2639 562 2703; x_wconf 84' lang='grc' dir='ltr'><strong><em>τὸ</em></strong></span> <span class='ocrx_word' id='word_1_167' title='bbox 580 2646 641 2703; x_wconf 81' lang='grc' dir='ltr'><strong><em>πᾶν</em></strong></span> <span class='ocrx_word' id='word_1_168' title='bbox 657 2639 872 2729; x_wconf 83' lang='grc' dir='ltr'><strong><em>ἀφανίζεσθαι.</em></strong></span> <span class='ocrx_word' id='word_1_169' title='bbox 892 2612 1016 2768; x_wconf 79' lang='grc' dir='ltr'><strong><em>Ᾰφες</em></strong></span> <span class='ocrx_word' id='word_1_170' title='bbox 985 2658 1039 2706; x_wconf 82' lang='grc' dir='ltr'><strong><em>την</em></strong></span> <span class='ocrx_word' id='word_1_171' title='bbox 1055 2635 1224 2726; x_wconf 88' lang='grc' dir='ltr'><strong><em>αριστείαν,</em></strong></span> <span class='ocrx_word' id='word_1_172' title='bbox 1245 2639 1318 2723; x_wconf 81' lang='grc' dir='ltr'><strong><em>ἄφες</em></strong></span> <span class='ocrx_word' id='word_1_173' title='bbox 1336 2633 1389 2703; x_wconf 76' lang='grc' dir='ltr'><strong><em>τὴν</em></strong></span> <span class='ocrx_word' id='word_1_174' title='bbox 1405 2628 1470 2698; x_wconf 89' lang='grc' dir='ltr'><strong><em>δω</em></strong></span> 
     </span>
     <span class='ocr_line' id='line_1_20' title="bbox 373 2743 1470 2841; baseline -0.008 -26"><span class='ocrx_word' id='word_1_175' title='bbox 373 2750 460 2841; x_wconf 86' lang='grc' dir='ltr'><strong><em>ρεοίν.</em></strong></span> <span class='ocrx_word' id='word_1_176' title='bbox 480 2749 658 2841; x_wconf 85' lang='grc' dir='ltr'><strong><em>Δογίζου</em></strong></span> <span class='ocrx_word' id='word_1_177' title='bbox 629 2772 680 2814; x_wconf 91' lang='grc' dir='ltr'><strong><em>τον</em></strong></span> <span class='ocrx_word' id='word_1_178' title='bbox 695 2753 748 2814; x_wconf 86' lang='grc' dir='ltr'><strong><em>τοῦ</em></strong></span> <span class='ocrx_word' id='word_1_179' title='bbox 765 2747 887 2814; x_wconf 81' lang='grc' dir='ltr'><strong><em>πολίτου</em></strong></span> <span class='ocrx_word' id='word_1_180' title='bbox 904 2747 1004 2838; x_wconf 86' lang='grc' dir='ltr'><strong><em>φόνον,</em></strong></span> <span class='ocrx_word' id='word_1_181' title='bbox 1023 2747 1075 2811; x_wconf 82' lang='grc' dir='ltr'><strong><em>καί</em></strong></span> <span class='ocrx_word' id='word_1_182' title='bbox 1096 2748 1120 2810; x_wconf 91' lang='grc' dir='ltr'><strong><em>εί</em></strong></span> <span class='ocrx_word' id='word_1_183' title='bbox 1137 2749 1242 2809; x_wconf 84' lang='grc' dir='ltr'><strong><em>τοῦτον</em></strong></span> <span class='ocrx_word' id='word_1_184' title='bbox 1258 2743 1406 2835; x_wconf 85' lang='grc' dir='ltr'><strong><em>πρακτέον</em></strong></span> <span class='ocrx_word' id='word_1_185' title='bbox 1423 2767 1470 2809; x_wconf 92' lang='grc' dir='ltr'><strong><em>σοι</em></strong></span> 
     </span>
     <span class='ocr_line' id='line_1_21' title="bbox 375 2852 1470 2949; baseline -0.005 -24"><span class='ocrx_word' id='word_1_186' title='bbox 375 2858 495 2945; x_wconf 82' lang='grc' dir='ltr'><strong><em>ἐννοοῦ,</em></strong></span> <span class='ocrx_word' id='word_1_187' title='bbox 515 2859 622 2949; x_wconf 81' lang='grc' dir='ltr'><strong><em>πολίτῃ</em></strong></span> <span class='ocrx_word' id='word_1_188' title='bbox 638 2861 690 2925; x_wconf 85' lang='grc' dir='ltr'><strong><em>καί</em></strong></span> <span class='ocrx_word' id='word_1_189' title='bbox 709 2864 808 2925; x_wconf 83' lang='grc' dir='ltr'><strong><em>ταῦτα</em></strong></span> <span class='ocrx_word' id='word_1_190' title='bbox 825 2864 886 2924; x_wconf 81' lang='grc' dir='ltr'><strong><em>ὄντι</em></strong></span> <span class='ocrx_word' id='word_1_191' title='bbox 901 2859 953 2923; x_wconf 83' lang='grc' dir='ltr'><strong><em>καὶ</em></strong></span> <span class='ocrx_word' id='word_1_192' title='bbox 969 2860 1088 2949; x_wconf 85' lang='grc' dir='ltr'><strong><em>ἀριστεῖ</em></strong></span> <span class='ocrx_word' id='word_1_193' title='bbox 1104 2854 1311 2948; x_wconf 76' lang='grc' dir='ltr'><strong><em>φημιζομένῳ,</em></strong></span> <span class='ocrx_word' id='word_1_194' title='bbox 1328 2857 1380 2921; x_wconf 84' lang='grc' dir='ltr'><strong><em>καί</em></strong></span> <span class='ocrx_word' id='word_1_195' title='bbox 1398 2852 1470 2946; x_wconf 81' lang='grc' dir='ltr'><strong>ὑπὲρ</strong></span> 
     </span>
     <span class='ocr_line' id='line_1_22' title="bbox 376 2963 1468 3060; baseline -0.005 -25"><span class='ocrx_word' id='word_1_196' title='bbox 376 2969 472 3035; x_wconf 70' lang='grc' dir='ltr'><strong><em>αὑτοῦ</em></strong></span> <span class='ocrx_word' id='word_1_197' title='bbox 495 2965 675 3035; x_wconf 84' lang='grc' dir='ltr'><strong><em>κινδυνεύειν</em></strong></span> <span class='ocrx_word' id='word_1_198' title='bbox 692 2968 818 3057; x_wconf 84' lang='grc' dir='ltr'><strong><em>οἰομένῳ</em></strong></span> <span class='ocrx_word' id='word_1_199' title='bbox 835 2969 876 3045; x_wconf 85' lang='grc' dir='ltr'><strong><em>ὡς</em></strong></span> <span class='ocrx_word' id='word_1_200' title='bbox 895 2966 968 3060; x_wconf 81' lang='grc' dir='ltr'><strong>ὑπὲρ</strong></span> <span class='ocrx_word' id='word_1_201' title='bbox 987 2967 1117 3033; x_wconf 82' lang='grc' dir='ltr'><strong><em>ἑκάστου</em></strong></span> <span class='ocrx_word' id='word_1_202' title='bbox 1135 2967 1260 3042; x_wconf 85' lang='grc' dir='ltr'><strong><em>παντός.</em></strong></span> <span class='ocrx_word' id='word_1_203' title='bbox 1280 2965 1407 3041; x_wconf 83' lang='grc' dir='ltr'><strong><em>Πολίτης</em></strong></span> <span class='ocrx_word' id='word_1_204' title='bbox 1425 2963 1468 3045; x_wconf 70' lang='grc' dir='ltr'><strong><em>εἷς</em></strong></span> 
     </span>
     <span class='ocr_line' id='line_1_23' title="bbox 375 3072 1467 3213; baseline -0.006 -67"><span class='ocrx_word' id='word_1_205' title='bbox 375 3082 486 3172; x_wconf 80' lang='grc' dir='ltr'><strong><em>ἀγάπα</em></strong></span> <span class='ocrx_word' id='word_1_206' title='bbox 508 3104 560 3147; x_wconf 90' lang='grc' dir='ltr'><strong><em>τον</em></strong></span> <span class='ocrx_word' id='word_1_207' title='bbox 583 3081 786 3168; x_wconf 82' lang='grc' dir='ltr'><strong><em>συμπολίτην·</em></strong></span> <span class='ocrx_word' id='word_1_208' title='bbox 816 3075 952 3163; x_wconf 68' lang='grc' dir='ltr'><strong><em>ἔνδοξος,</em></strong></span> <span class='ocrx_word' id='word_1_209' title='bbox 984 3079 1026 3166; x_wconf 78' lang='grc' dir='ltr'><strong><em>μὴ</em></strong></span> <span class='ocrx_word' id='word_1_210' title='bbox 1049 3076 1238 3213; x_wconf 77' lang='grc' dir='ltr'><strong><em>ἀπφστρέφον</em></strong></span> <span class='ocrx_word' id='word_1_211' title='bbox 1264 3076 1315 3142; x_wconf 83' lang='grc' dir='ltr'><strong><em>τὸν</em></strong></span> <span class='ocrx_word' id='word_1_212' title='bbox 1339 3072 1467 3152; x_wconf 79' lang='grc' dir='ltr'><strong><em>ἄδοξον·</em></strong></span> 
     </span>
     <span class='ocr_line' id='line_1_24' title="bbox 374 3185 1472 3279; baseline -0.005 -24"><span class='ocrx_word' id='word_1_213' title='bbox 374 3189 536 3269; x_wconf 89' lang='grc' dir='ltr'><strong><em>πλούσιος;</em></strong></span> <span class='ocrx_word' id='word_1_214' title='bbox 555 3192 609 3257; x_wconf 92' lang='grc' dir='ltr'><strong><em>και</em></strong></span> <span class='ocrx_word' id='word_1_215' title='bbox 626 3200 670 3279; x_wconf 88' lang='grc' dir='ltr'><strong><em>τῷ</em></strong></span> <span class='ocrx_word' id='word_1_216' title='bbox 685 3190 805 3276; x_wconf 83' lang='grc' dir='ltr'><strong><em>πένητι,</em></strong></span> <span class='ocrx_word' id='word_1_217' title='bbox 828 3194 853 3257; x_wconf 87' lang='grc' dir='ltr'><strong><em>εί</em></strong></span> <span class='ocrx_word' id='word_1_218' title='bbox 872 3215 925 3278; x_wconf 92' lang='grc' dir='ltr'><strong><em>μεν</em></strong></span> <span class='ocrx_word' id='word_1_219' title='bbox 943 3185 1036 3279; x_wconf 80' lang='grc' dir='ltr'><strong><em>δύνῃ,</em></strong></span> <span class='ocrx_word' id='word_1_220' title='bbox 1053 3190 1107 3254; x_wconf 87' lang='grc' dir='ltr'><strong><em>καί</em></strong></span> <span class='ocrx_word' id='word_1_221' title='bbox 1128 3189 1188 3253; x_wconf 80' lang='grc' dir='ltr'><strong><em>ἀπὸ</em></strong></span> <span class='ocrx_word' id='word_1_222' title='bbox 1207 3195 1266 3252; x_wconf 83' lang='grc' dir='ltr'><strong><em>τῶν</em></strong></span> <span class='ocrx_word' id='word_1_223' title='bbox 1284 3191 1398 3252; x_wconf 82' lang='grc' dir='ltr'><strong><em>σαυτοῦ</em></strong></span> <span class='ocrx_word' id='word_1_224' title='bbox 1415 3212 1472 3275; x_wconf 90' lang='grc' dir='ltr'><strong><em>χο·</em></strong></span> 
     </span>
     <span class='ocr_line' id='line_1_25' title="bbox 375 3278 1471 3437; baseline -0.007 -71"><span class='ocrx_word' id='word_1_225' title='bbox 375 3302 480 3437; x_wconf 80' lang='grc' dir='ltr'><strong><em>ρήγει·</em></strong></span> <span class='ocrx_word' id='word_1_226' title='bbox 503 3326 528 3366; x_wconf 90' lang='grc' dir='ltr'><strong><em>ει</em></strong></span> <span class='ocrx_word' id='word_1_227' title='bbox 521 3293 629 3366; x_wconf 84' lang='grc' dir='ltr'><strong><em>’δ’</em></strong></span> <span class='ocrx_word' id='word_1_228' title='bbox 597 3325 661 3388; x_wconf 89' lang='grc' dir='ltr'><strong><em>ουν,</em></strong></span> <span class='ocrx_word' id='word_1_229' title='bbox 680 3303 721 3389; x_wconf 78' lang='grc' dir='ltr'><strong><em>μὴ</em></strong></span> <span class='ocrx_word' id='word_1_230' title='bbox 742 3295 979 3390; x_wconf 72' lang='grc' dir='ltr'><strong><em>κατεπίμθαινε</em></strong></span> <span class='ocrx_word' id='word_1_231' title='bbox 995 3300 1220 3386; x_wconf 76' lang='grc' dir='ltr'><strong><em>σεμνυνόμενος.</em></strong></span> <span class='ocrx_word' id='word_1_232' title='bbox 1212 3278 1466 3371; x_wconf 76' lang='grc' dir='ltr'><strong><em>,Ηδικήθης</em></strong></span> <span class='ocrx_word' id='word_1_233' title='bbox 1407 3321 1471 3368; x_wconf 86' lang='grc' dir='ltr'><strong><em>τιη</em></strong></span> 
     </span>
     <span class='ocr_line' id='line_1_26' title="bbox 376 3402 1469 3503; baseline -0.006 -27"><span class='ocrx_word' id='word_1_234' title='bbox 376 3436 429 3476; x_wconf 89' lang='grc' dir='ltr'><strong><em>και</em></strong></span> <span class='ocrx_word' id='word_1_235' title='bbox 418 3409 667 3503; x_wconf 42' lang='grc' dir='ltr'><strong><em>Ηὺθρίσθηῇ</em></strong></span> <span class='ocrx_word' id='word_1_236' title='bbox 638 3437 672 3478; x_wconf 93' lang='grc' dir='ltr'><strong><em>το</em></strong></span> <span class='ocrx_word' id='word_1_237' title='bbox 696 3407 893 3503; x_wconf 81' lang='grc' dir='ltr'><strong><em>δικαστήριον</em></strong></span> <span class='ocrx_word' id='word_1_238' title='bbox 910 3408 1020 3496; x_wconf 86' lang='grc' dir='ltr'><strong><em>βλέπε,</em></strong></span> <span class='ocrx_word' id='word_1_239' title='bbox 1039 3411 1090 3475; x_wconf 83' lang='grc' dir='ltr'><strong><em>καί</em></strong></span> <span class='ocrx_word' id='word_1_240' title='bbox 1111 3435 1151 3495; x_wconf 84' lang='grc' dir='ltr'><strong><em>μη</em></strong></span> <span class='ocrx_word' id='word_1_241' title='bbox 1170 3410 1312 3499; x_wconf 84' lang='grc' dir='ltr'><strong><em>οένοίρχως</em></strong></span> <span class='ocrx_word' id='word_1_242' title='bbox 1328 3402 1469 3488; x_wconf 85' lang='grc' dir='ltr'><strong><em>δικαιού,</em></strong></span> 
     </span>
     <span class='ocr_line' id='line_1_27' title="bbox 376 3517 1468 3615; baseline -0.006 -27"><span class='ocrx_word' id='word_1_243' title='bbox 376 3530 572 3615; x_wconf 85' lang='grc' dir='ltr'><strong><em>καταφρονῶν</em></strong></span> <span class='ocrx_word' id='word_1_244' title='bbox 600 3525 741 3613; x_wconf 89' lang='grc' dir='ltr'><strong><em>κρίσεως.</em></strong></span> <span class='ocrx_word' id='word_1_245' title='bbox 771 3528 866 3589; x_wconf 81' lang='grc' dir='ltr'><strong><em>Τοῦτο</em></strong></span> <span class='ocrx_word' id='word_1_246' title='bbox 889 3524 950 3614; x_wconf 81' lang='grc' dir='ltr'><strong><em>γὰρ</em></strong></span> <span class='ocrx_word' id='word_1_247' title='bbox 984 3517 1148 3608; x_wconf 83' lang='grc' dir='ltr'><strong><em>δημοτικῆς</em></strong></span> <span class='ocrx_word' id='word_1_248' title='bbox 1169 3518 1321 3593; x_wconf 90' lang='grc' dir='ltr'><strong><em>πολιτείας</em></strong></span> <span class='ocrx_word' id='word_1_249' title='bbox 1340 3517 1468 3608; x_wconf 86' lang='grc' dir='ltr'><strong><em>τρόπος,</em></strong></span> 
     </span>
     <span class='ocr_line' id='line_1_28' title="bbox 371 3630 939 3728; baseline 0 -30"><span class='ocrx_word' id='word_1_250' title='bbox 371 3635 428 3699; x_wconf 82' lang='grc' dir='ltr'><strong><em>,καί</em></strong></span> <span class='ocrx_word' id='word_1_251' title='bbox 447 3630 615 3711; x_wconf 79' lang='grc' dir='ltr'><strong><em>αὐθαδείας</em></strong></span> <span class='ocrx_word' id='word_1_252' title='bbox 630 3637 732 3728; x_wconf 80' lang='grc' dir='ltr'><strong><em>πόρρω</em></strong></span> <span class='ocrx_word' id='word_1_253' title='bbox 749 3643 939 3727; x_wconf 84' lang='grc' dir='ltr'><strong><em>τυραννικῆς.</em></strong></span> 
     </span>
    </p>

    <p class='ocr_par' dir='ltr' id='par_1_3' title="bbox 425 3723 1471 3852">
     <span class='ocr_line' id='line_1_29' title="bbox 425 3723 1471 3852; baseline -0.006 -41"><span class='ocrx_word' id='word_1_254' title='bbox 425 3723 529 3811; x_wconf 58' lang='lat' dir='ltr'><strong><em>W*</em></strong></span> <span class='ocrx_word' id='word_1_255' title='bbox 544 3747 573 3810; x_wconf 90' lang='grc' dir='ltr'><strong><em>τί</em></strong></span> <span class='ocrx_word' id='word_1_256' title='bbox 587 3739 635 3813; x_wconf 85' lang='grc' dir='ltr'><strong><em>δεῖ</em></strong></span> <span class='ocrx_word' id='word_1_257' title='bbox 647 3771 699 3833; x_wconf 89' lang='grc' dir='ltr'><strong><em>μοι</em></strong></span> <span class='ocrx_word' id='word_1_258' title='bbox 708 3745 788 3837; x_wconf 85' lang='grc' dir='ltr'><strong><em>πρὸς</em></strong></span> <span class='ocrx_word' id='word_1_259' title='bbox 804 3750 910 3811; x_wconf 84' lang='grc' dir='ltr'><strong><em>τοῦτον</em></strong></span> <span class='ocrx_word' id='word_1_260' title='bbox 926 3743 1036 3836; x_wconf 77' lang='grc' dir='ltr'><strong><em>λέγειν,</em></strong></span> <span class='ocrx_word' id='word_1_261' title='bbox 1056 3739 1139 3819; x_wconf 73' lang='grc' dir='ltr'><strong><em>ἅπαξ</em></strong></span> <span class='ocrx_word' id='word_1_262' title='bbox 1157 3741 1191 3807; x_wconf 86' lang='grc' dir='ltr'><strong><em>τὸ</em></strong></span> <span class='ocrx_word' id='word_1_263' title='bbox 1209 3738 1373 3828; x_wconf 79' lang='grc' dir='ltr'><strong><em>αὐτόνομον</em></strong></span> <span class='ocrx_word' id='word_1_264' title='bbox 1390 3741 1471 3852; x_wconf 73' lang='grc' dir='ltr'><strong><em>ἀγα·</em></strong></span> 
     </span>
    </p>
   </div>
   <div class='ocr_carea' id='block_1_3' title="bbox 377 3961 1475 4510">
    <p class='ocr_par' dir='ltr' id='par_1_4' title="bbox 377 3961 1475 4510">
     <span class='ocr_line' id='line_1_30' title="bbox 411 3961 1471 4029; baseline -0.009 -10"><span class='ocrx_word' id='word_1_265' title='bbox 411 3968 546 4019; x_wconf 72' lang='lat' dir='ltr'><strong>&#39;Pomm</strong></span> <span class='ocrx_word' id='word_1_266' title='bbox 554 3970 594 4019; x_wconf 76' lang='grc' dir='ltr'><strong><em>ἐπὶ</em></strong></span> <span class='ocrx_word' id='word_1_267' title='bbox 606 3970 707 4025; x_wconf 80' lang='grc' dir='ltr'><strong><em>τούτοις.</em></strong></span> <span class='ocrx_word' id='word_1_268' title='bbox 936 3984 1012 4029; x_wconf 80' lang='grc' dir='ltr'><strong><em>μενοι.</em></strong></span> <span class='ocrx_word' id='word_1_269' title='bbox 1025 3963 1060 4014; x_wconf 84' lang='lat' dir='ltr'><strong><em>lbi</em></strong></span> <span class='ocrx_word' id='word_1_270' title='bbox 1078 3962 1205 4028; x_wconf 77' lang='lat' dir='ltr'><strong>Wyttenb.</strong></span> <span class='ocrx_word' id='word_1_271' title='bbox 1221 3961 1334 4012; x_wconf 78' lang='lat' dir='ltr'><strong>Horatius</strong></span> <span class='ocrx_word' id='word_1_272' title='bbox 1350 3961 1376 4010; x_wconf 87' lang='lat' dir='ltr'><strong><em>S.</em></strong></span> <span class='ocrx_word' id='word_1_273' title='bbox 1399 3962 1429 4018; x_wconf 70' lang='grc' dir='ltr'><strong><em>θ,</em></strong></span> <span class='ocrx_word' id='word_1_274' title='bbox 1441 3964 1471 4022; x_wconf 77' lang='grc'><strong><em>3,</em></strong></span> 
     </span>
     <span class='ocr_line' id='line_1_31' title="bbox 410 4039 1475 4112; baseline -0.008 -15"><span class='ocrx_word' id='word_1_275' title='bbox 410 4045 495 4099; x_wconf 72' lang='lat' dir='ltr'><strong>&#39;vide</strong></span> <span class='ocrx_word' id='word_1_276' title='bbox 511 4062 538 4112; x_wconf 79' lang='grc' dir='ltr'><strong><em>μ.</em></strong></span> <span class='ocrx_word' id='word_1_277' title='bbox 550 4046 599 4108; x_wconf 70' lang='grc' dir='ltr'><strong><em>θλ,</em></strong></span> <span class='ocrx_word' id='word_1_278' title='bbox 612 4062 637 4096; x_wconf 85' lang='lat' dir='ltr'><strong><em>n.</em></strong></span> <span class='ocrx_word' id='word_1_279' title='bbox 653 4049 676 4095; x_wconf 84' lang='grc'><strong><em>1.</em></strong></span> <span class='ocrx_word' id='word_1_280' title='bbox 938 4047 970 4094; x_wconf 79' lang='grc'><strong><em>30</em></strong></span> <span class='ocrx_word' id='word_1_281' title='bbox 981 4063 988 4094; x_wconf 80' lang='grc' dir='ltr'><strong><em>ι</em></strong></span> <span class='ocrx_word' id='word_1_282' title='bbox 999 4062 1012 4089; x_wconf 75' lang='grc' dir='ltr'><strong><em>ι</em></strong></span> <span class='ocrx_word' id='word_1_283' title='bbox 1028 4043 1058 4093; x_wconf 88' lang='lat' dir='ltr'><strong><em>Ut</em></strong></span> <span class='ocrx_word' id='word_1_284' title='bbox 1069 4042 1217 4108; x_wconf 72' lang='lat' dir='ltr'><strong>lethargicus</strong></span> <span class='ocrx_word' id='word_1_285' title='bbox 1228 4040 1268 4091; x_wconf 83' lang='lat' dir='ltr'><strong><em>hic</em></strong></span> <span class='ocrx_word' id='word_1_286' title='bbox 1280 4055 1354 4106; x_wconf 87' lang='lat' dir='ltr'><strong>quum</strong></span> <span class='ocrx_word' id='word_1_287' title='bbox 1368 4039 1395 4088; x_wconf 83' lang='lat' dir='ltr'><strong><em>fit</em></strong></span> <span class='ocrx_word' id='word_1_288' title='bbox 1404 4039 1475 4103; x_wconf 80' lang='lat' dir='ltr'><strong>pugil</strong></span> 
     </span>
     <span class='ocr_line' id='line_1_32' title="bbox 410 4119 1220 4188; baseline -0.016 -11"><span class='ocrx_word' id='word_1_289' title='bbox 410 4123 593 4185; x_wconf 54' lang='lat' dir='ltr'><strong>’Pluurehm</strong></span> <span class='ocrx_word' id='word_1_290' title='bbox 607 4119 820 4188; x_wconf 55' lang='lat' dir='ltr'><strong><em>Damnst!</em></strong></span> <span class='ocrx_word' id='word_1_291' title='bbox 832 4136 909 4186; x_wconf 79' lang='lat' dir='ltr'>aegro·</span> <span class='ocrx_word' id='word_1_292' title='bbox 938 4134 963 4175; x_wconf 80' lang='lat' dir='ltr'><strong><em>et</em></strong></span> <span class='ocrx_word' id='word_1_293' title='bbox 975 4121 1098 4172; x_wconf 79' lang='lat' dir='ltr'><strong>medicum</strong></span> <span class='ocrx_word' id='word_1_294' title='bbox 1111 4130 1182 4183; x_wconf 78' lang='lat' dir='ltr'>urget</span> <span class='ocrx_word' id='word_1_295' title='bbox 1196 4137 1220 4168; x_wconf 76' lang='grc' dir='ltr'><strong><em>ι.</em></strong></span> 
     </span>
     <span class='ocr_line' id='line_1_33' title="bbox 377 4197 1251 4270; baseline -0.014 -13"><span class='ocrx_word' id='word_1_296' title='bbox 377 4215 416 4257; x_wconf 78' lang='grc' dir='ltr'><strong><em>ωε</em></strong></span> <span class='ocrx_word' id='word_1_297' title='bbox 433 4201 674 4270; x_wconf 70' lang='lat' dir='ltr'><strong>depingitruriosou,</strong></span> <span class='ocrx_word' id='word_1_298' title='bbox 684 4217 724 4268; x_wconf 84' lang='grc' dir='ltr'><strong><em>ιμιι</em></strong></span> <span class='ocrx_word' id='word_1_299' title='bbox 718 4198 846 4250; x_wconf 78' lang='lat' dir='ltr'><strong>medicos</strong></span> <span class='ocrx_word' id='word_1_300' title='bbox 859 4199 912 4250; x_wconf 75' lang='grc' dir='ltr'><strong><em>ούδῖ</em></strong></span> <span class='ocrx_word' id='word_1_301' title='bbox 971 4199 1054 4248; x_wconf 66' lang='lat' dir='ltr'>‘Vide</span> <span class='ocrx_word' id='word_1_302' title='bbox 1067 4213 1093 4263; x_wconf 86' lang='lat' dir='ltr'><strong><em>p.</em></strong></span> <span class='ocrx_word' id='word_1_303' title='bbox 1109 4198 1170 4258; x_wconf 81' lang='lat'><strong>¹05,</strong></span> <span class='ocrx_word' id='word_1_304' title='bbox 1185 4211 1210 4246; x_wconf 87' lang='lat' dir='ltr'><strong><em>n.</em></strong></span> <span class='ocrx_word' id='word_1_305' title='bbox 1226 4197 1251 4245; x_wconf 79' lang='grc' dir='ltr'><strong><em>θ.</em></strong></span> 
     </span>
     <span class='ocr_line' id='line_1_34' title="bbox 377 4235 1469 4354; baseline -0.012 -20"><span class='ocrx_word' id='word_1_306' title='bbox 377 4279 908 4354; x_wconf 73' lang='grc' dir='ltr'><strong><em>φαιτῶνταςένιαχοῦπρδςαύτοὺςέινίχσνται,</em></strong></span> <span class='ocrx_word' id='word_1_307' title='bbox 972 4277 1048 4326; x_wconf 76' lang='lat' dir='ltr'><strong>&#39;Huc</strong></span> <span class='ocrx_word' id='word_1_308' title='bbox 1070 4235 1170 4324; x_wconf 48' lang='lat' dir='ltr'><strong><em>retrahcss</em></strong></span> <span class='ocrx_word' id='word_1_309' title='bbox 1191 4272 1326 4330; x_wconf 75' lang='grc' dir='ltr'><strong><em>πολιοίὶιιῐη,</em></strong></span> <span class='ocrx_word' id='word_1_310' title='bbox 1349 4274 1469 4336; x_wconf 80' lang='grc' dir='ltr'><strong><em>ἐπίλογος,</em></strong></span> 
     </span>
     <span class='ocr_line' id='line_1_35' title="bbox 377 4350 1470 4427; baseline -0.012 -13"><span class='ocrx_word' id='word_1_311' title='bbox 377 4365 428 4414; x_wconf 74' lang='grc' dir='ltr'><strong><em>αλλ</em></strong></span> <span class='ocrx_word' id='word_1_312' title='bbox 447 4363 606 4421; x_wconf 74' lang='grc' dir='ltr'><strong><em>ἐξελαύνουσιν</em></strong></span> <span class='ocrx_word' id='word_1_313' title='bbox 625 4363 640 4417; x_wconf 79' lang='grc' dir='ltr'><strong><em>ἠ</em></strong></span> <span class='ocrx_word' id='word_1_314' title='bbox 658 4361 787 4427; x_wconf 76' lang='grc' dir='ltr'><strong><em>φεύγουσιν,</em></strong></span> <span class='ocrx_word' id='word_1_315' title='bbox 806 4358 850 4409; x_wconf 78' lang='grc' dir='ltr'><strong><em>ὑπὸ</em></strong></span> <span class='ocrx_word' id='word_1_316' title='bbox 870 4365 911 4408; x_wconf 84' lang='grc' dir='ltr'><strong><em>τοῦ</em></strong></span> <span class='ocrx_word' id='word_1_317' title='bbox 938 4355 1001 4407; x_wconf 81' lang='lat' dir='ltr'>male</span> <span class='ocrx_word' id='word_1_318' title='bbox 1028 4352 1166 4417; x_wconf 80' lang='lat' dir='ltr'>adpositum</span> <span class='ocrx_word' id='word_1_319' title='bbox 1194 4368 1208 4403; x_wconf 86' lang='lat' dir='ltr'>a</span> <span class='ocrx_word' id='word_1_320' title='bbox 1231 4350 1330 4404; x_wconf 77' lang='lat' dir='ltr'>librario</span> <span class='ocrx_word' id='word_1_321' title='bbox 1352 4350 1413 4404; x_wconf 75' lang='lat' dir='ltr'><strong>infra</strong></span> <span class='ocrx_word' id='word_1_322' title='bbox 1439 4351 1470 4401; x_wconf 78' lang='lat' dir='ltr'><strong><em>ad</em></strong></span> 
     </span>
     <span class='ocr_line' id='line_1_36' title="bbox 378 4433 1176 4510; baseline -0.01 -20"><span class='ocrx_word' id='word_1_323' title='bbox 378 4438 466 4510; x_wconf 78' lang='grc' dir='ltr'><strong><em>σφόδρα</em></strong></span> <span class='ocrx_word' id='word_1_324' title='bbox 475 4448 560 4501; x_wconf 84' lang='grc' dir='ltr'><strong><em>νοσειν</em></strong></span> <span class='ocrx_word' id='word_1_325' title='bbox 571 4438 629 4503; x_wconf 81' lang='grc' dir='ltr'><strong><em>μηδ’</em></strong></span> <span class='ocrx_word' id='word_1_326' title='bbox 641 4439 679 4490; x_wconf 80' lang='grc' dir='ltr'><strong><em>ὅτι</em></strong></span> <span class='ocrx_word' id='word_1_327' title='bbox 687 4456 788 4490; x_wconf 84' lang='grc' dir='ltr'><strong><em>νοσουιιν</em></strong></span> <span class='ocrx_word' id='word_1_328' title='bbox 796 4438 910 4489; x_wconf 84' lang='grc' dir='ltr'><strong><em>αισθανο-</em></strong></span> <span class='ocrx_word' id='word_1_329' title='bbox 937 4433 1030 4485; x_wconf 79' lang='lat' dir='ltr'>verba</span> <span class='ocrx_word' id='word_1_330' title='bbox 1021 4452 1048 4502; x_wconf 87' lang='grc' dir='ltr'><strong><em>ιφ</em></strong></span> <span class='ocrx_word' id='word_1_331' title='bbox 1050 4435 1176 4483; x_wconf 66' lang='grc' dir='ltr'><strong><em>’ἑκάστου</em></strong></span> 
     </span>
    </p>
   </div>
   <div class='ocr_carea' id='block_1_4' title="bbox 0 0 1846 5659">
    <p class='ocr_par' dir='ltr' id='par_1_5' title="bbox 0 0 1846 5659">
     <span class='ocr_line' id='line_1_37' title="bbox 0 0 1846 5659; baseline 0 0"><span class='ocrx_word' id='word_1_332' title='bbox 0 0 1846 5659; x_wconf 95' lang='lat' dir='ltr'><strong><em> </em></strong></span> 
     </span>
    </p>
   </div>
  </div>
 </body>
</html>
