3684 5659
375 601 444 672 llll}
709 609 743 665 Γ.
772 606 845 665 ΤΟΥ
872 602 1127 665 ΠΑΧΥΜΕΡΟΥΣ

419 742 516 825 Πλήν,
542 741 621 804 ἀλλά
644 741 704 830 γὰρ
727 740 742 803 ὁ
765 739 870 828 φθόνος
893 733 988 811 δεινὸς
1005 734 1112 822 ψαύειν
1129 739 1259 800 καὶτῶν
1276 726 1460 823 ἀψαύστων,

371 854 412 926 ὡς
426 849 520 942 ἕρπων
537 853 619 914 κατά
633 850 744 923 παντὸς
761 845 911 936 ἔχοντα’,
929 847 1077 938 ἐγείρεταί
1092 850 1180 912 ποθεν
1195 838 1299 931 οὗτος,
1319 849 1371 912 καί
1389 871 1464 938 συγ-

371 971 470 1052 κροτεῖ
487 957 653 1035 euocare?
670 958 741 1023 καθ’
761 951 849 1048 οὗπερ
867 961 886 1029 η
904 958 981 1046 τύχη
998 953 1125 1040 πάλαιθ,
1144 960 1196 1023 καί
1216 958 1385 1023 ἀποκλείειν
1399 981 1464 1022 πει·

370 1083 462 1162 ράται
480 1066 519 1136 ών
535 1074 554 1143 ἡ
571 1071 649 1159 τύχη
668 1066 800 1153 δέδωκε,
821 1073 873 1134 καί
893 1070 984 1134 ἀλλον
1005 1073 1149 1160 προτείνει
1166 1071 1274 1156 νόμον,
1300 1070 1394 1135 καλὸν
1414 1066 1464 1155 μὲν

371 1186 422 1247 καί
441 1182 531 1247 αὐτόν
550 1184 602 1247 καί
620 1184 732 1253 ἥκιστα
750 1183 1005 1272 καταφρονεῖσθαι
1027 1177 1124 1263 ἀξιον,
1145 1180 1179 1245 ού
1199 1181 1256 1267 μην
1275 1176 1310 1244 ἀὲ
1332 1182 1465 1255 καὶτοῖς

371 1295 453 1380 ἐμοῖς
474 1295 661 1383 προςήκοντα
686 1288 842 1378 οὐθαμῶς.
863 1316 877 1348 ι(
895 1272 1079 1381 Ᾰποκλιόριρι
1096 1292 1156 1381 γάρ
1175 1297 1235 1355 ’όντι
1254 1293 1378 1381 »φησίν
1397 1314 1414 1347 ιι
1431 1289 1464 1355 οὐ

808 1382 815 1403 .

371 1405 459 1490 μετόν
472 1428 520 1468 σοι
537 1412 595 1468 τῶν
608 1411 774 1494 πατρικῶν.
794 1405 819 1466 0
834 1404 893 1492 γάρ
911 1403 1137 1492 ἀποκήρυκτος,
1159 1403 1173 1465 ό
1188 1403 1277 1489 νόμος
1291 1401 1390 1492 λέγει,
1408 1409 1465 1466 τῶν

371 1515 517 1606 πατρῴων
535 1515 576 1601 μὴ
595 1513 745 1602 μετεχέτω
760 1537 790 1577 ν.
810 1514 869 1577 Καὶ
887 1513 921 1576 τό
938 1512 1026 1604 ῥητόν
1043 1510 1305 1603 προβαλλόμενος,
1321 1512 1375 1581 τὴν
1393 1508 1464 1576 θιά-

372 1649 455 1691 νοιαν
479 1625 513 1690 οὐ
540 1635 667 1709 σκοπεῖ,
690 1626 730 1712 μὴ
754 1620 842 1699 εἰδὼς
867 1630 1007 1712 ἄντικρυς
1029 1623 1069 1696 ὡς
1090 1621 1187 1687 πολλά
1203 1640 1270 1687 τινα
1289 1620 1398 1708 ἔσφηλε
1414 1624 1464 1686 καί

372 1737 462 1801 πάλιν
479 1736 678 1827 κατώρθωσεν
694 1738 712 1806 η
729 1744 788 1800 τῶν
806 1735 902 1825 λόγων
920 1729 1056 1797 διάνοια.

422 1827 636 1936 Ᾱποκήρυκτος
652 1847 714 1931 είμί
722 1890 733 1925 ,
748 1847 820 1935 ρημί
836 1844 942 1934 κάγώ,
962 1845 1034 1924 καί,
1053 1842 1103 1907 τὸν
1116 1838 1222 1929 νόμον“
1238 1838 1346 1924 εἰδώς,
1363 1840 1466 1929 ἀπέχω

373 1964 430 2020 τών
446 1963 613 2046 πατρικῶν.
634 1957 709 2019 Πότε
725 1957 784 2046 γὰρ
802 1956 854 2019 καί
872 1956 919 2030 τίς
937 1949 999 2018 εἶδε
1017 1949 1110 2040 μετά6
1126 1954 1179 2022 τὴν
1197 1948 1381 2044 ἀποκήρυξιν
1397 1951 1469 2022 κλη-

374 2067 515 2157 ρονομίας
537 2073 686 2156 πατρικῆς
710 2065 920 2153 ἀντεχόμενον,
942 2065 994 2128 καί
1016 2069 1066 2127 νῦν
1087 2062 1139 2151 μὲν
1156 2065 1332 2153 ἁρπάζοντα
1347 2062 1389 2125 τὰ
1404 2086 1467 2126 πα-

374 2184 475 2268 τρῷα,
497 2180 546 2239 νῦν
565 2170 598 2238 δὲ
616 2176 687 2258 καί,
710 2176 795 2266 παρά
812 2175 864 2244 την
881 2172 993 2238 ἐκείνου
1009 2175 1147 2264 γνώμην,
1167 2172 1273 2238 ἑαυτὸν
1290 2175 1468 2247 είςωθοῦντα

374 2295 427 2362 τῆς
446 2287 544 2360 οἰκίας
563 2284 643 2360 ἐντὸς
667 2286 718 2348 καί
743 2288 889 2358 ζητοῦντα
913 2283 1123 2374 κληρονομεῖν;
1142 2289 1229 2347 τοῦτο
1251 2284 1312 2375 γάρ
1331 2283 1347 2347 ὁ
1365 2278 1469 2370 νόμος1

375 2395 500 2461 κωλύει·
520 2401 608 2459 τοῦτο
625 2404 705 2479 νοεῖ,
725 2395 774 2459 τὸν
788 2392 872 2470 ἀπαξ
884 2403 926 2482 τῷ
940 2396 1129 2485 γεγεννηκότι
1148 2394 1361 2483 ἀπηχθημένον
1379 2389 1469 2481 μηδὲν

361 2505 538 2594 λαμόάνειν
556 2515 614 2570 τῶν
631 2511 684 2570 τοῦ
701 2506 826 2597 πατρός.
848 2501 928 2570 eiu&
946 2507 1008 2597 χάρ
1026 2505 1090 2581 υἱὸς
1107 2510 1159 2569 τού
1173 2504 1277 2569 λοιπού
1295 2506 1424 2597 χρόνον,
1441 2500 1470 2579 ἐξ

377 2609 464 2708 οὗπερ
492 2619 734 2707 ἀποκεκήρυκτο·
761 2617 825 2690 υἱός
849 2611 882 2679 δὲ
905 2616 946 2702 μὴ
971 2615 1010 2678 ὢν
1033 2623 1069 2703 τῇ
1092 2611 1235 2698 βουλήσει
1259 2624 1295 2704 τῇ
1318 2623 1467 2706 πατρικῄ,

376 2736 439 2803 πῶς
466 2729 503 2791 ἀν
525 2726 707 2817 κληρονόμος
730 2727 863 2817 γένοιτο;
887 2722 971 2801 οίπαξ
989 2725 1100 2816 γέγονα
1118 2723 1198 2802 ξένος
1215 2719 1255 2790 ὧν
1272 2724 1393 2812 μέτεστι
1409 2735 1471 2804 τοῖς

410 3016 907 3082 ¹Praeivitsophocles.Videp.131,n.2.
936 3018 983 3068 εἶδέ
997 3039 1026 3082 με
1040 3025 1142 3084 μετα...
1157 3018 1262 3084 Syllabae
1280 3019 1381 3078 similes,
1399 3035 1472 3085 quum

410 3093 561 3163 ’Συγκροτεῖ
572 3094 693 3159 δικαστάς]
709 3095 797 3144 videsis
810 3113 836 3161 p.
861 3098 908 3159 90,
937 3097 1036 3157 uieinae,
1052 3097 1140 3161 saepius
1159 3097 1203 3145 sibi
1226 3107 1325 3146 nocent.
1344 3097 1473 3156 Libatum,

377 3189 390 3220 n
417 3177 441 3221 3.
937 3175 1473 3243 πίνη),193ιδινιρορὰὸὀῦμιαπαμάν

409 3251 418 3275 ³
431 3251 529 3302 Scilicet
542 3258 711 3319 συνεκρότησεν.
937 3265 985 3320 τῷ,
1006 3254 1053 3303 οὔδ’
1070 3257 1187 3322 ἐξαίρετος
1199 3261 1268 3317 τιμή.
1283 3254 1371 3303 Melius
1386 3254 1410 3303 in
1428 3270 1474 3303 ce-

410 3327 526 3379 ‘Schulz
540 3333 608 3398 ἑτέρα
619 3333 690 3398 ῥητοῦ
702 3334 811 3398 προθολή.
937 3331 992 3379 dice
1005 3333 1068 3380 3017
1083 3352 1089 3381 τ
1104 3334 1128 3381 δ.
1142 3333 1161 3380 δ’
1181 3333 1278 3395 οὐδεμία
1290 3353 1317 3382 π.
1333 3353 1358 3382 α.
1372 3353 1395 3382 ο.
1408 3335 1473 3391 ἐξαί-

411 3407 421 3432 ³
433 3407 531 3468 Codex,
547 3420 593 3459 τῶν
608 3415 693 3473 νόμων,
710 3408 875 3473 superscripto
887 3415 910 3456 ὸν
937 3415 1001 3476 ρετός
1016 3432 1052 3467 τις
1062 3418 1130 3473 τιμή.
1146 3409 1225 3468 Idem,
1237 3426 1262 3474 p.
1275 3411 1323 3458 663
1337 3430 1343 3458 τ
1355 3414 1401 3462 εἴθε
1415 3411 1474 3476 μηδὲ

377 3507 409 3542 ον,
432 3497 458 3536 ul
477 3488 571 3550 legatur
588 3496 627 3538 τὸν
641 3493 718 3551 νόμον.
740 3487 834 3552 Ubique
848 3503 911 3552 pro·
937 3496 992 3556 περί
1007 3494 1060 3545 τοὺς
1075 3494 1137 3544 θεοὺς
1155 3487 1387 3552 ἐμεμήνειςίῦοάοπ
1406 3509 1412 3538 :
1429 3491 1474 3540 είθι

377 3565 795 3615 nunclatlovoculesuoconluudit.
805 3565 910 3629 Symeon
937 3588 979 3631 μοι
1001 3569 1104 3630 pule...
1127 3567 1223 3616 Similes
1245 3577 1301 3616 sunt
1320 3567 1436 3634 syllabae.
1455 3569 1474 3616 si

377 3642 442 3691 Sethi
460 3640 553 3690 lehnel.
571 3659 596 3707 p.
614 3645 657 3691 122
673 3663 678 3691 τ
693 3645 714 3691 εἰ
731 3647 822 3705 μόνονὸ
838 3650 912 3709 βασι·
938 3656 1005 3693 recle
1018 3644 1167 3693 efferantur:
1183 3647 1218 3695 ίθε
1231 3666 1259 3708 μι
1277 3646 1474 3709 μιθέ....1ιίθιιι,

377 3724 426 3775 λευς
449 3724 584 3786 βουληθείη,
607 3727 755 3789 βοηθήσωμεν
776 3721 839 3784 ύμῖν.
859 3722 910 3770 lmo
939 3741 962 3786 p.
981 3725 1028 3771 856
1042 3742 1047 3770 z
1061 3725 1100 3771 ἵνα
1122 3732 1156 3787 μὴ
1177 3730 1309 3793 βαρυτέραν
1332 3733 1375 3780 τὴν
1395 3731 1475 3774 πενίαν

377 3803 527 3866 βοηθήσομεν.
551 3797 634 3856 Idem,
657 3815 683 3863 p.
706 3801 750 3845 ΞΗ
769 3819 775 3847 :
792 3802 911 3866 ἐρευνήσο-
938 3812 994 3870 ποιῇ
1011 3808 1153 3868 φαινόμενος.
1172 3803 1204 3851 Et
1223 3802 1264 3850 hic
1282 3814 1422 3868 opportune
1433 3819 1476 3852 00·

376 3896 462 3939 μεν....
473 3882 512 3924 καί
528 3880 700 3942 νατορὺξωμεν.
716 3877 764 3926 Sed
777 3877 867 3943 duplex
881 3877 911 3925 sit
939 3880 985 3928 dex
997 3899 1003 3927 ι
1015 3881 1052 3928 ἶνα
1063 3900 1104 3944 μοι
1114 3890 1147 3944 μὴ
1158 3888 1215 3950 β...
1227 3881 1345 3932 Aristides
1354 3881 1421 3932 Orat.
1433 3882 1475 3939 23,

377 3955 550 4020 subjunctivus.
572 3955 655 4017 Idem,
675 3973 702 4022 p.
727 3957 824 4006 18ιούκ
841 3959 869 4006 οἷν
886 3977 912 4005 σε
939 3974 963 4021 p.
980 3958 1130 4009 ίίίίταίτία
1145 3960 1165 4008 δ’
1183 3961 1226 4023 οὐχ
1239 3960 1476 4023 ἥκισταὴσυνίχεια

376 4035 911 4099 μετακινήοωμενἦμετοικησωμεν.Βωμοῐιθῐι-
939 4047 985 4084 τῶν
1004 4045 1135 4100 χειμώνων,
1161 4040 1187 4094 ἣν
1211 4040 1264 4087 οὐδὲ
1282 4044 1381 4106 κέραμος
1403 4039 1477 4095 οὒδείς

335 4138 342 4155 ·
377 4114 433 4162 llum
447 4114 537 4179 duplex
555 4114 668 4163 futurum.
685 4115 744 4163 Nam
764 4115 912 4164 recentiores
939 4117 1029 4176 ἐνέγκαι
1047 4119 1147 4177 ἐλέγετο.
1164 4117 1247 4166 Codex
1266 4117 1342 4174 1040,
1356 4124 1476 4182 χειμώνων

377 4192 412 4239 sic
422 4208 486 4256 sepe
497 4193 640 4257 particulam
650 4195 677 4242 ἄν
689 4203 840 4242 construunt.
850 4192 911 4242 Vide
939 4192 965 4248 ἦν
985 4192 1047 4243 οὐδὲ.
1066 4194 1127 4242 Puto
1143 4195 1216 4244 luisse
1234 4194 1272 4244 bis
1286 4214 1313 4251 ην
1329 4193 1361 4244 ab
1379 4205 1476 4246 oratore

379 4285 403 4316 n.
419 4272 447 4323 2.
468 4286 493 4334 p.
510 4273 556 4330 81,
571 4283 595 4320 et
611 4272 642 4320 ad
657 4272 782 4322 Anecsluta
799 4287 853 4321 mea
868 4271 910 4322 Gr.
938 4272 1054 4335 scripum
1070 4292 1075 4320 :
1089 4280 1210 4338 χειμώνων
1221 4272 1258 4332 ἦν,
1275 4275 1301 4330 ἣν
1314 4274 1411 4324 εὐδίη..

379 4356 396 4393 l.
410 4346 448 4405 ll,
462 4363 486 4410 p.
503 4351 541 4397 12.
817 4382 821 4389 ·
973 4349 1091 4400 'Sch0l2
1112 4354 1205 4404 διάνοια
1225 4359 1267 4403 τοῦ
1287 4355 1361 4420 ῥητοῦ
1377 4359 1416 4402 καί
1435 4357 1474 4402 τοῦ

411 4423 546 4473 “Fortasse
562 4426 651 4474 excidit
663 4447 707 4488 με,
726 4437 751 4475 ιιι
765 4427 835 4476 luerit
853 4427 909 4476 olim
939 4433 1072 4494 νομοθέτου.
1418 4456 1425 4469 ·
