3684 5659
449 601 519 672 Η-’ῖ
788 604 823 666 Γ.
852 604 926 666 ΤΟΥ
951 605 1205 668 ΠΑΧΥΜΕΡΟΥΣ

436 750 521 835 ’χος,
542 744 596 810 ούκ
614 739 686 809 οἶδα
707 746 735 807 τί
758 745 860 809 παθὼν
877 742 949 836 παρ’
969 741 1056 830 ἐμοῦ1
1076 743 1121 810 ότι
1140 744 1181 831 μη
1203 743 1237 807 τὸ
1260 741 1349 833 μέρος
1371 743 1423 808 καί
1448 741 1539 819 αὐτὸς

446 866 506 930 τῶν
528 837 632 921 δεινῶν
657 855 880 947 ἐλευθερωθείς,
906 857 959 919 καῖ
983 856 1036 925 τὴν
1061 855 1229 945 ἐλευθερίαν
1251 850 1473 945 δυςχεραίνων,
1499 855 1539 930 ὡς

447 973 544 1053 ἔοικε,
566 970 655 1057 μόνος
674 959 760 1043 οὗτος
778 964 980 1057 προθάλλεται
997 968 1085 1054 νόμον
1102 968 1184 1030 κατά
1200 974 1253 1040 τῆς
1270 964 1343 1052 ἐμῆς
1360 967 1537 1056 ἀριστείας,

446 1083 498 1145 καί
514 1079 558 1145 ὅτι
576 1079 728 1144 σέσωσται
747 1073 788 1142 δι’
808 1077 880 1164 ἐμοῦ
891 1076 925 1140 ού
940 1079 1028 1165 μόνον
1045 1077 1099 1141 οὐκ
1116 1079 1225 1167 ἀγαπᾷ
1242 1073 1441 1162 σωζόμενος’,
1460 1075 1539 1141 ἀλλὰ

446 1193 498 1256 καί
514 1187 598 1256 δεινά
608 1199 688 1256 ποιεῖ
699 1191 751 1254 καί
764 1189 814 1254 τὸν
827 1184 921 1276 δῆμον
934 1185 1096 1253 ἀνασο6εῖῖ
1112 1187 1157 1253 ότι
1172 1187 1343 1271 σέσωσται,
1363 1189 1416 1252 καί
1435 1195 1539 1253 κακῶν

445 1299 620 1391 πολιορκίαν
634 1298 697 1387 ἐμοὶ
710 1297 894 1390 περιόάλλει,
908 1296 983 1362 ἑλεῖν
993 1298 1210 1386 μηχανώμενος
1222 1297 1272 1361 τὸν
1281 1297 1362 1362 αἴπαν
1375 1295 1447 1362 καθ’
1457 1294 1539 1385 ὑμῶν

445 1417 504 1473 τῶν
527 1409 762 1500 πολιορκούντων
790 1410 959 1497 μηχάνημα
983 1402 1186 1472 διαλύσαντα.
1215 1386 1288 1497 Ιῖχὼ
1312 1402 1346 1471 δὲ
1372 1412 1461 1472 τοῦτο
1485 1409 1537 1501 καὶ

446 1522 535 1608 μόνον
553 1525 651 1606 ζητῶ,
671 1519 816 1610 ὑποσχεῖν
833 1519 912 1608 ὑμᾶς
929 1520 981 1590 τὴν
1002 1520 1096 1590 ἀκοὴν
1112 1518 1246 1609 λέγοντι,
1267 1521 1320 1584 καί
1340 1520 1381 1607 μὴ
1398 1520 1439 1597 ὡς
1456 1516 1539 1596 ξένου

446 1641 661 1724 καταφρονεῖν,
688 1633 741 1696 καὶ
764 1627 858 1719 μηδὲν
884 1626 1000 1706 εἰδότος
1026 1638 1083 1695 τῶν
1106 1629 1254 1720 ὑμετέρων
1262 1676 1272 1714 ,
1300 1629 1344 1695 ότι
1370 1626 1426 1718 μη*
1450 1633 1539 1718 μόνον

446 1741 613 1833 ἀριστεύειν
640 1743 867 1829 μεμαθηκότος,
893 1741 950 1806 κᾶν
977 1740 1031 1806 οὐκ
1066 1737 1096 1816 ἐξ
1119 1739 1271 1827 ἐμαυτοῦ,
1297 1739 1365 1805 ἀλλ’
1384 1739 1435 1833 ὑφ’
1470 1741 1540 1831 ύμῖν

447 1849 661 1937 διδάσκουσιν,
682 1854 697 1918 θ
720 1850 757 1925 δὴ
777 1855 829 1919 καί
853 1854 1019 1941 ἀπωνάμην
1035 1859 1110 1928 ἴσως
1127 1861 1180 1927 τῆς
1197 1848 1359 1937 ξενιτείας,
1380 1853 1536 1946 ὁμολογῶ,

446 1962 512 2031 οὐδ’
529 1962 604 2049 ὅλως
621 1964 879 2056 εὐκαταφρόνητον
896 1969 941 2048 όν,
959 1967 1072 2036 ἥκιστα
1088 1965 1141 2028 καῖ
1160 1962 1357 2053 αὐτόχθοσιν.
1375 1945 1448 2031 Ᾰλλ’
1464 1966 1541 2039 ἀλη-

446 2072 522 2151 θώςῖ
537 2075 590 2164 μὲν
608 2072 731 2151 ἰδιώτης
747 2074 788 2140 ὧν
805 2070 894 2160 οἶδα·
915 2074 990 2150 τέως
1007 2071 1052 2159 δ’,
1071 2075 1112 2152 ὡς
1128 2075 1165 2139 ἀν
1183 2067 1246 2150 οἷός
1258 2098 1291 2139 τε
1305 2069 1346 2160 ὦ,
1365 2078 1405 2142 τά
1419 2097 1540 2165 σνμπε·

446 2187 539 2251 σόντα
557 2185 610 2273 μὲν
626 2195 662 2275 τῇ
680 2186 784 2269 πόλει,
809 2186 1002 2273 συμπεσόντα
1024 2181 1053 2250 δ’
1071 2184 1136 2273 ἐμοὶ
1155 2180 1359 2276 διηγήσομαι,
1378 2189 1431 2252 καί
1449 2183 1539 2265 δείξω

444 2299 490 2372 τίς
508 2297 547 2362 ὢν
564 2296 642 2390 ἐγώ,
662 2299 714 2363 καί
738 2299 763 2361 εἴ
781 2299 1015 2389 καταφρονήσας
1033 2295 1173 2383 κειμένων
1190 2297 1300 2384 νόμων,
1321 2302 1379 2362 εἴτε
1398 2297 1540 2375 ζηλώσας

446 2406 517 2500 ὑπὲρ
535 2416 587 2483 τῆς
604 2408 736 2491 πόλεως,
763 2409 797 2472 τὸ
815 2417 917 2497 τεῖχος
940 2407 1139 2500 ύπερανέόην,
1166 2409 1219 2472 καί
1243 2404 1296 2473 διά
1318 2407 1371 2489 τἠν
1393 2406 1540 2502 ὑμετέραν

445 2526 519 2594 ἴσως
536 2518 707 2605 εύλάθειαν,
729 2523 801 2585 θεῶν
819 2516 977 2598 διδόντων,
994 2521 1173 2610 ἠρίστευσα.

495 2625 644 2717 Πόλεμοςῖ
660 2629 767 2701 ἐπῆλθε
784 2639 820 2720 τῇ
837 2630 921 2696 πόλει
937 2627 1053 2721 βαρύς,
1072 2629 1200 2717 πόλεμος
1214 2629 1247 2695 ἐκ
1259 2633 1312 2694 τοῦ
1326 2639 1537 2725 παραχρῆμα,

446 2741 487 2828 μη
503 2735 718 2830 προςδοκηθείς
735 2741 890 2832 πρότερον,
909 2743 984 2827 μήτε
1002 2740 1059 2827 μην
1076 2740 1251 2831 ἀχρελθείς·
1271 2739 1287 2806 ὃ
1305 2735 1343 2812 δη
1356 2743 1409 2807 καὶ
1424 2741 1540 2830 μᾶλλον

445 2845 571 2940 ἐτάραξε
585 2848 653 2924 τούς
666 2848 792 2925 πολίτας
808 2852 860 2914 καί
880 2853 921 2925 εἰς
937 2853 1111 2939 ἀμηχανίαν
1125 2849 1277 2916 ἐνέθαλλε.
1294 2853 1334 2916 Τὸ
1351 2853 1411 2943 χάρ
1430 2855 1541 2944 ἀπρος·

444 2956 572 3030 δόκητον
589 2959 721 3042 ἐπελθόν,
741 2961 798 3024 κάν
817 2963 952 3052 στερροῖς
970 2954 1036 3025 ούσι
1054 2962 1106 3026 καί
1125 2958 1273 3054 ἀνδρείοις
1289 2964 1363 3054 πρὸς
1376 2965 1415 3028 τά
1433 2960 1536 3048 δεινοί,

446 3065 549 3135 δουλοῖ
558 3070 598 3134 τότ
607 3073 796 3162 φρονήματα.
814 3076 907 3136 Τοῦτο
921 3068 1000 3157 κάμὲ
1014 3071 1195 3162 συχκατέχει
1209 3075 1261 3141 καί
1278 3072 1357 3149 ἐντὸς
1369 3077 1539 3167 ἀναχκάζει

445 3181 555 3267 μένειν,
575 3182 616 3269 μη
636 3178 756 3264 ἐξιέναι,
777 3176 850 3269 μηδ’
864 3179 911 3245 ἐπ’
926 3179 1027 3245 οἴκουῖ
1038 3177 1099 3247 οἷόν
1115 3182 1149 3263 τ’ι
1160 3189 1232 3248 όντα
1248 3183 1441 3276 πορεύεσθαι.
1458 3183 1538 3253 Ούδέ

445 3293 523 3384 χάρ,
550 3293 590 3369 ὡς
615 3292 712 3369 κακὸς
729 3300 766 3381 τῇ
789 3289 840 3380 ’μῄ
865 3290 948 3355 πόλει
969 3293 1063 3382 φυγὴν
1081 3297 1292 3386 κατακριθείς,
1316 3305 1380 3373 τοῖς
1403 3295 1541 3363 ἐνταυθοῖ

446 3398 642 3490 ἐπεδήμησα,
670 3399 735 3468 οὐδ’
758 3403 798 3478 ὡς
821 3401 920 3477 οἴλλως
946 3401 1057 3478 ἀλήτης
1081 3405 1132 3467 καί
1161 3406 1315 3496 περιττός,
1342 3402 1436 3494 μηδὲν
1460 3411 1539 3498 ἔχων

445 3517 585 3604 πράττειν
608 3514 686 3598 ἐκεῖ,
712 3523 764 3590 τῆς
781 3508 927 3604 πατρίδος
947 3512 1124 3604 ἐξώρμησα·
1145 3515 1224 3580 ἀλλά
1237 3551 1284 3562 --
1299 3515 1334 3581 ού
1353 3513 1488 3606 δύναμαι
1505 3517 1539 3586 δὲ

446 3623 541 3715 λέγειν
557 3628 596 3689 τά
613 3624 682 3690 κατ’
703 3624 770 3712 ἐμέ*
792 3626 849 3689 κάν
867 3623 964 3714 λέγω,
983 3632 1057 3701 ἴσως
1079 3625 1112 3689 ού
1130 3629 1370 3715 πιστευθήσομαι
1389 3663 1435 3675 -
1450 3631 1539 3717 μόνον

446 3729 479 3798 δὲ
503 3741 590 3800 τοῦτο
614 3733 682 3823 ὑμῖν
704 3743 858 3828 παριστώ,
889 3737 947 3820 ὡς,
973 3731 1059 3800 οὐδὲν
1082 3735 1221 3826 ἐγκαλεῖν
1243 3737 1374 3825 ἐχούσης
1398 3739 1463 3827 ἐμοί
1486 3749 1539 3817 τῆς

444 3843 607 3938 πατρίδος,
629 3845 662 3911 ού
676 3846 790 3932 μᾶλλον
803 3847 822 3918 ἢ
836 3846 932 3937 ἐκείνῃ
950 3845 1041 3934 ἐμοῦ,
1062 3843 1259 3935 ἀπεδήμησα.
1279 3850 1337 3914 Καὶ
1353 3845 1539 3940 ἀπεδήμησα

478 4127 590 4178 'Similia
603 4144 628 4193 p.
641 4127 687 4187 59,
699 4130 740 4177 20.
1037 4129 1122 4180 ‘Ante
1138 4132 1175 4182 ὅτι
1195 4140 1229 4196 μή
1247 4133 1350 4182 fortasse
1370 4133 1487 4184 omissum
1503 4145 1541 4184 est

477 4206 487 4232 ¹
499 4208 532 4258 Ού
541 4213 611 4272 μόνον
621 4206 671 4272 οὐκ]
682 4207 737 4258 vide
747 4224 772 4271 p.
784 4208 830 4268 90,
844 4225 869 4257 n.
885 4209 909 4258 4.
1003 4208 1085 4273 μηδέν.

478 4284 605 4336 ³Verbum
622 4291 731 4338 ἀνασοθεῖ
747 4303 761 4336 e
778 4286 865 4338 codice
883 4286 977 4337 restitui
1038 4286 1049 4314 ⁸
1063 4287 1157 4337 Schol.:
1170 4294 1371 4356 προκατάστασις.

443 4378 489 4428 pro
501 4365 552 4428 ἅμα
569 4376 629 4415 τιτιῐ
645 4366 787 4431 Ροσλιχπιθτί
804 4366 936 4430 Progymu.
946 4364 978 4414 ad
1038 4363 1154 4415 ⁶Schola
1166 4372 1319 4424 κατάστασις.

444 4441 581 4492 Choricium
591 4479 598 4502 ‚
608 4459 634 4507 p.
648 4445 706 4492 216.
719 4443 817 4494 Redibit
828 4443 894 4493 Decl.
909 4443 949 4491 ΙΧ.
1040 4440 1110 4493 ’Ἐπ’
1122 4444 1194 4508 οἴκου]
1212 4445 1237 4494 in
1249 4446 1353 4510 patriam
1368 4444 1473 4496 εοίΙῖόοι.
