<?xml version="1.0" encoding="UTF-8"?>
<!DOCTYPE html PUBLIC "-//W3C//DTD XHTML 1.0 Transitional//EN"
    "http://www.w3.org/TR/xhtml1/DTD/xhtml1-transitional.dtd">
<html xmlns="http://www.w3.org/1999/xhtml" xml:lang="en" lang="en">
 <head>
  <title>
</title>
<meta http-equiv="Content-Type" content="text/html;charset=utf-8" />
  <meta name='ocr-system' content='tesseract 3.04.00' />
  <meta name='ocr-capabilities' content='ocr_page ocr_carea ocr_par ocr_line ocrx_word'/>
</head>
<body>
  <div class='ocr_page' id='page_1' title='image "./gpachymerisdecl00hiergoog_0177.png"; bbox 0 0 3684 5659; ppageno 0'>
   <div class='ocr_carea' id='block_1_1' title="bbox 370 613 1472 3951">
    <p class='ocr_par' dir='ltr' id='par_1_1' title="bbox 370 613 1466 961">
     <span class='ocr_line' id='line_1_1' title="bbox 805 613 1466 693; baseline 0.011 -7"><span class='ocrx_word' id='word_1_1' title='bbox 805 625 962 687; x_wconf 79' lang='grc' dir='ltr'><strong>ΜΕΔΕΤΗ</strong></span> <span class='ocrx_word' id='word_1_2' title='bbox 987 613 1038 686; x_wconf 75' lang='lat' dir='ltr'>H&#39;.</span> <span class='ocrx_word' id='word_1_3' title='bbox 1396 624 1466 693; x_wconf 80' lang='grc'>’153</span> 
     </span>
     <span class='ocr_line' id='line_1_2' title="bbox 370 757 1466 850; baseline 0.005 -28"><span class='ocrx_word' id='word_1_4' title='bbox 370 758 556 848; x_wconf 78' lang='grc' dir='ltr'>τοῦπατρὸς</span> <span class='ocrx_word' id='word_1_5' title='bbox 572 757 825 844; x_wconf 88' lang='grc' dir='ltr'>ἀποκέκλεισμαι.</span> <span class='ocrx_word' id='word_1_6' title='bbox 844 762 935 833; x_wconf 86' lang='grc' dir='ltr'>Ποῖος</span> <span class='ocrx_word' id='word_1_7' title='bbox 950 759 1037 822; x_wconf 79' lang='grc' dir='ltr'>ταῦτ’</span> <span class='ocrx_word' id='word_1_8' title='bbox 1056 758 1145 850; x_wconf 83' lang='grc' dir='ltr'>ἐρησε</span> <span class='ocrx_word' id='word_1_9' title='bbox 1162 763 1291 847; x_wconf 80' lang='grc' dir='ltr'>μάντις;</span> <span class='ocrx_word' id='word_1_10' title='bbox 1311 772 1397 839; x_wconf 83' lang='grc' dir='ltr'>ποῖος</span> <span class='ocrx_word' id='word_1_11' title='bbox 1413 788 1466 828; x_wconf 90' lang='grc' dir='ltr'>τε-</span> 
     </span>
     <span class='ocr_line' id='line_1_3' title="bbox 371 867 1241 961; baseline 0.001 -27"><span class='ocrx_word' id='word_1_12' title='bbox 371 869 564 961; x_wconf 88' lang='grc' dir='ltr'>ρατοσκόπος</span> <span class='ocrx_word' id='word_1_13' title='bbox 579 867 599 938; x_wconf 76' lang='grc' dir='ltr'>ἢ</span> <span class='ocrx_word' id='word_1_14' title='bbox 616 868 801 960; x_wconf 85' lang='grc' dir='ltr'>ὀνειροπόλος</span> <span class='ocrx_word' id='word_1_15' title='bbox 819 868 932 955; x_wconf 81' lang='grc' dir='ltr'>ἐμυήθη</span> <span class='ocrx_word' id='word_1_16' title='bbox 950 871 990 932; x_wconf 83' lang='grc' dir='ltr'>τὰ</span> <span class='ocrx_word' id='word_1_17' title='bbox 1007 868 1241 958; x_wconf 71' lang='grc' dir='ltr'>συμέησόμενας</span> 
     </span>
    </p>

    <p class='ocr_par' dir='ltr' id='par_1_2' title="bbox 372 958 1467 1514">
     <span class='ocr_line' id='line_1_4' title="bbox 421 958 1465 1073; baseline 0.006 -31"><span class='ocrx_word' id='word_1_18' title='bbox 421 1002 440 1036; x_wconf 77' lang='grc' dir='ltr'>τ(</span> <span class='ocrx_word' id='word_1_19' title='bbox 452 958 496 1043; x_wconf 67' lang='grc' dir='ltr'>λέν</span> <span class='ocrx_word' id='word_1_20' title='bbox 507 977 611 1065; x_wconf 83' lang='grc' dir='ltr'>ἄλλοις</span> <span class='ocrx_word' id='word_1_21' title='bbox 625 973 685 1042; x_wconf 86' lang='grc' dir='ltr'>ἔδει</span> <span class='ocrx_word' id='word_1_22' title='bbox 699 973 894 1068; x_wconf 74' lang='grc' dir='ltr'>ἀνδρίζεσθαι</span> <span class='ocrx_word' id='word_1_23' title='bbox 907 1004 937 1043; x_wconf 85' lang='grc' dir='ltr'>υ.</span> <span class='ocrx_word' id='word_1_24' title='bbox 953 981 1051 1070; x_wconf 75' lang='grc' dir='ltr'>Λόγος</span> <span class='ocrx_word' id='word_1_25' title='bbox 1065 971 1150 1055; x_wconf 75' lang='grc' dir='ltr'>οὗτος</span> <span class='ocrx_word' id='word_1_26' title='bbox 1162 982 1235 1072; x_wconf 88' lang='grc' dir='ltr'>πρὸς</span> <span class='ocrx_word' id='word_1_27' title='bbox 1247 990 1350 1046; x_wconf 82' lang='grc' dir='ltr'>πᾶσαν</span> <span class='ocrx_word' id='word_1_28' title='bbox 1364 985 1465 1073; x_wconf 85' lang='grc' dir='ltr'>ἀρκῶν</span> 
     </span>
     <span class='ocr_line' id='line_1_5' title="bbox 372 1085 1462 1184; baseline 0.004 -30"><span class='ocrx_word' id='word_1_29' title='bbox 372 1085 586 1178; x_wconf 80' lang='grc' dir='ltr'><strong>εὐδοκίμησιν.</strong></span> <span class='ocrx_word' id='word_1_30' title='bbox 600 1091 636 1155; x_wconf 87' lang='grc' dir='ltr'>Τί</span> <span class='ocrx_word' id='word_1_31' title='bbox 647 1089 750 1154; x_wconf 84' lang='grc' dir='ltr'>λοιπὸν</span> <span class='ocrx_word' id='word_1_32' title='bbox 761 1091 801 1153; x_wconf 83' lang='grc' dir='ltr'>τὰ</span> <span class='ocrx_word' id='word_1_33' title='bbox 809 1089 886 1181; x_wconf 82' lang='grc' dir='ltr'>χέρα</span> <span class='ocrx_word' id='word_1_34' title='bbox 899 1086 1020 1155; x_wconf 80' lang='grc' dir='ltr'>διδοῦσι</span> <span class='ocrx_word' id='word_1_35' title='bbox 1033 1100 1095 1166; x_wconf 85' lang='grc' dir='ltr'>τοῖς</span> <span class='ocrx_word' id='word_1_36' title='bbox 1106 1091 1264 1177; x_wconf 79' lang='grc' dir='ltr'>ἀθληταῖς,</span> <span class='ocrx_word' id='word_1_37' title='bbox 1278 1090 1341 1169; x_wconf 82' lang='grc' dir='ltr'>ἐξὸν</span> <span class='ocrx_word' id='word_1_38' title='bbox 1353 1093 1462 1184; x_wconf 75' lang='grc' dir='ltr'>λέγειν·</span> 
     </span>
     <span class='ocr_line' id='line_1_6' title="bbox 372 1180 1467 1286; baseline 0.004 -19"><span class='ocrx_word' id='word_1_39' title='bbox 372 1228 388 1255; x_wconf 73' lang='grc' dir='ltr'>τ</span> <span class='ocrx_word' id='word_1_40' title='bbox 403 1180 449 1267; x_wconf 63' lang='grc' dir='ltr'>λέν</span> <span class='ocrx_word' id='word_1_41' title='bbox 470 1201 577 1277; x_wconf 84' lang='grc' dir='ltr'>ἀλλοις</span> <span class='ocrx_word' id='word_1_42' title='bbox 594 1197 655 1266; x_wconf 85' lang='grc' dir='ltr'>ἔδει</span> <span class='ocrx_word' id='word_1_43' title='bbox 676 1210 762 1286; x_wconf 82' lang='grc' dir='ltr'>νικᾷν</span> <span class='ocrx_word' id='word_1_44' title='bbox 780 1225 813 1280; x_wconf 79' lang='lat'>&#39;¹3</span> <span class='ocrx_word' id='word_1_45' title='bbox 837 1204 865 1266; x_wconf 95' lang='grc' dir='ltr'>τί</span> <span class='ocrx_word' id='word_1_46' title='bbox 888 1212 951 1278; x_wconf 86' lang='grc' dir='ltr'>τοῖς</span> <span class='ocrx_word' id='word_1_47' title='bbox 969 1203 1022 1272; x_wconf 75' lang='grc' dir='ltr'>τὴν</span> <span class='ocrx_word' id='word_1_48' title='bbox 1046 1203 1130 1268; x_wconf 89' lang='grc' dir='ltr'>πόλιν</span> <span class='ocrx_word' id='word_1_49' title='bbox 1152 1203 1245 1269; x_wconf 87' lang='grc' dir='ltr'>καλὸν</span> <span class='ocrx_word' id='word_1_50' title='bbox 1267 1211 1387 1270; x_wconf 83' lang='grc' dir='ltr'>ποιοῦσι</span> <span class='ocrx_word' id='word_1_51' title='bbox 1411 1209 1467 1282; x_wconf 87' lang='grc' dir='ltr'>τὰς</span> 
     </span>
     <span class='ocr_line' id='line_1_7' title="bbox 372 1306 1466 1403; baseline 0.005 -27"><span class='ocrx_word' id='word_1_52' title='bbox 372 1308 538 1400; x_wconf 53' lang='grc' dir='ltr'>ἀμοιύοίςί,</span> <span class='ocrx_word' id='word_1_53' title='bbox 562 1306 630 1377; x_wconf 86' lang='grc' dir='ltr'>δίον</span> <span class='ocrx_word' id='word_1_54' title='bbox 646 1310 762 1402; x_wconf 76' lang='grc' dir='ltr'>λέγειν,</span> <span class='ocrx_word' id='word_1_55' title='bbox 789 1312 830 1387; x_wconf 88' lang='grc' dir='ltr'>ὡς</span> <span class='ocrx_word' id='word_1_56' title='bbox 853 1312 927 1377; x_wconf 86' lang='grc' dir='ltr'>ἀλλο</span> <span class='ocrx_word' id='word_1_57' title='bbox 944 1336 972 1376; x_wconf 91' lang='grc' dir='ltr'>τι</span> <span class='ocrx_word' id='word_1_58' title='bbox 994 1309 1055 1378; x_wconf 80' lang='grc' dir='ltr'>ἔδει</span> <span class='ocrx_word' id='word_1_59' title='bbox 1079 1322 1173 1378; x_wconf 82' lang='grc' dir='ltr'><strong>ποιεῖν</strong></span> <span class='ocrx_word' id='word_1_60' title='bbox 1196 1316 1248 1380; x_wconf 86' lang='grc' dir='ltr'>καί</span> <span class='ocrx_word' id='word_1_61' title='bbox 1274 1317 1315 1403; x_wconf 80' lang='grc' dir='ltr'>μὴ</span> <span class='ocrx_word' id='word_1_62' title='bbox 1339 1317 1466 1382; x_wconf 82' lang='grc' dir='ltr'>τοῦτοὸ</span> 
     </span>
     <span class='ocr_line' id='line_1_8' title="bbox 372 1422 499 1514; baseline 0.008 -1"><span class='ocrx_word' id='word_1_63' title='bbox 372 1422 499 1514; x_wconf 67' lang='grc' dir='ltr'>νένενε</span> 
     </span>
    </p>

    <p class='ocr_par' dir='ltr' id='par_1_3' title="bbox 372 1514 1472 3727">
     <span class='ocr_line' id='line_1_9' title="bbox 422 1514 1462 1629; baseline 0.004 -30"><span class='ocrx_word' id='word_1_64' title='bbox 422 1514 466 1599; x_wconf 70' lang='grc' dir='ltr'>Ιλν</span> <span class='ocrx_word' id='word_1_65' title='bbox 481 1531 600 1607; x_wconf 80' lang='grc' dir='ltr'>τούτοις</span> <span class='ocrx_word' id='word_1_66' title='bbox 617 1527 678 1596; x_wconf 82' lang='grc' dir='ltr'>ἔδει</span> <span class='ocrx_word' id='word_1_67' title='bbox 701 1526 914 1622; x_wconf 73' lang='grc' dir='ltr'>ἀνδρίζεσθαι,</span> <span class='ocrx_word' id='word_1_68' title='bbox 935 1529 1089 1618; x_wconf 84' lang='grc' dir='ltr'>βέλτιστε,</span> <span class='ocrx_word' id='word_1_69' title='bbox 1115 1530 1206 1611; x_wconf 78' lang='grc' dir='ltr'>ἐνοίς</span> <span class='ocrx_word' id='word_1_70' title='bbox 1221 1538 1325 1629; x_wconf 88' lang='grc' dir='ltr'>παρὼν</span> <span class='ocrx_word' id='word_1_71' title='bbox 1343 1541 1462 1626; x_wconf 81' lang='grc' dir='ltr'>ἔτυχον.</span> 
     </span>
     <span class='ocr_line' id='line_1_10' title="bbox 373 1624 1466 1740; baseline 0.005 -31"><span class='ocrx_word' id='word_1_72' title='bbox 373 1624 417 1709; x_wconf 73' lang='grc' dir='ltr'>Ιέν</span> <span class='ocrx_word' id='word_1_73' title='bbox 432 1643 550 1719; x_wconf 80' lang='grc' dir='ltr'>τούτοις</span> <span class='ocrx_word' id='word_1_74' title='bbox 566 1639 628 1708; x_wconf 85' lang='grc' dir='ltr'>ἔδει</span> <span class='ocrx_word' id='word_1_75' title='bbox 643 1650 754 1728; x_wconf 84' lang='grc' dir='ltr'>πονεῖν,</span> <span class='ocrx_word' id='word_1_76' title='bbox 771 1639 802 1718; x_wconf 82' lang='grc' dir='ltr'>ἐξ</span> <span class='ocrx_word' id='word_1_77' title='bbox 816 1636 856 1708; x_wconf 80' lang='grc' dir='ltr'>ὧν</span> <span class='ocrx_word' id='word_1_78' title='bbox 869 1639 905 1714; x_wconf 76' lang='grc' dir='ltr'>ἦν</span> <span class='ocrx_word' id='word_1_79' title='bbox 921 1643 1000 1710; x_wconf 82' lang='grc' dir='ltr'>λύειν</span> <span class='ocrx_word' id='word_1_80' title='bbox 1016 1646 1069 1716; x_wconf 77' lang='grc' dir='ltr'>τὴν</span> <span class='ocrx_word' id='word_1_81' title='bbox 1086 1649 1216 1738; x_wconf 83' lang='grc' dir='ltr'>ἀπορίαν</span> <span class='ocrx_word' id='word_1_82' title='bbox 1228 1650 1280 1713; x_wconf 81' lang='grc' dir='ltr'>καί</span> <span class='ocrx_word' id='word_1_83' title='bbox 1296 1649 1466 1740; x_wconf 83' lang='grc' dir='ltr'>θεραπεύειν</span> 
     </span>
     <span class='ocr_line' id='line_1_11' title="bbox 373 1734 1466 1849; baseline 0.007 -31"><span class='ocrx_word' id='word_1_84' title='bbox 373 1755 428 1826; x_wconf 73' lang='grc' dir='ltr'>τὴν</span> <span class='ocrx_word' id='word_1_85' title='bbox 451 1749 648 1847; x_wconf 76' lang='grc' dir='ltr'>ἀποκήρυξιν.</span> <span class='ocrx_word' id='word_1_86' title='bbox 674 1734 750 1846; x_wconf 78' lang='grc' dir='ltr'>Ῠπέρ</span> <span class='ocrx_word' id='word_1_87' title='bbox 774 1753 886 1820; x_wconf 91' lang='grc' dir='ltr'>τούτων</span> <span class='ocrx_word' id='word_1_88' title='bbox 910 1751 972 1819; x_wconf 89' lang='grc' dir='ltr'>έδει</span> <span class='ocrx_word' id='word_1_89' title='bbox 996 1758 1048 1821; x_wconf 83' lang='grc' dir='ltr'>καί</span> <span class='ocrx_word' id='word_1_90' title='bbox 1075 1758 1215 1849; x_wconf 76' lang='grc' dir='ltr'>θαλάσσῃ</span> <span class='ocrx_word' id='word_1_91' title='bbox 1238 1762 1290 1824; x_wconf 86' lang='grc' dir='ltr'>καί</span> <span class='ocrx_word' id='word_1_92' title='bbox 1318 1760 1466 1848; x_wconf 85' lang='grc' dir='ltr'>πνεύμασι</span> 
     </span>
     <span class='ocr_line' id='line_1_12' title="bbox 374 1851 1467 1961; baseline 0.007 -33"><span class='ocrx_word' id='word_1_93' title='bbox 374 1866 550 1954; x_wconf 74' lang='grc' dir='ltr'>μάχεσθαι,</span> <span class='ocrx_word' id='word_1_94' title='bbox 576 1857 617 1929; x_wconf 83' lang='grc' dir='ltr'>ὧν</span> <span class='ocrx_word' id='word_1_95' title='bbox 640 1862 691 1950; x_wconf 80' lang='grc' dir='ltr'>ἐμὲ</span> <span class='ocrx_word' id='word_1_96' title='bbox 714 1859 843 1940; x_wconf 88' lang='grc' dir='ltr'>δικαίως</span> <span class='ocrx_word' id='word_1_97' title='bbox 860 1863 1001 1957; x_wconf 85' lang='grc' dir='ltr'>ἐστέρησέ</span> <span class='ocrx_word' id='word_1_98' title='bbox 1018 1890 1052 1958; x_wconf 79' lang='grc' dir='ltr'>χε</span> <span class='ocrx_word' id='word_1_99' title='bbox 1070 1869 1104 1933; x_wconf 85' lang='grc' dir='ltr'>τὸ</span> <span class='ocrx_word' id='word_1_100' title='bbox 1126 1868 1317 1961; x_wconf 85' lang='grc' dir='ltr'>ἀρερέπονον.</span> <span class='ocrx_word' id='word_1_101' title='bbox 1340 1851 1467 1942; x_wconf 71' lang='grc' dir='ltr'>ἀποκή-</span> 
     </span>
     <span class='ocr_line' id='line_1_13' title="bbox 373 1969 1468 2069; baseline 0.007 -31"><span class='ocrx_word' id='word_1_102' title='bbox 373 1998 486 2066; x_wconf 90' lang='grc' dir='ltr'>ρυκτος</span> <span class='ocrx_word' id='word_1_103' title='bbox 506 1980 604 2061; x_wconf 72' lang='grc' dir='ltr'>ἥμην,</span> <span class='ocrx_word' id='word_1_104' title='bbox 629 1971 696 2039; x_wconf 87' lang='grc' dir='ltr'>ἀλλ’</span> <span class='ocrx_word' id='word_1_105' title='bbox 717 1969 899 2065; x_wconf 82' lang='grc' dir='ltr'>ἠνδριζόμην</span> <span class='ocrx_word' id='word_1_106' title='bbox 922 1977 974 2040; x_wconf 86' lang='grc' dir='ltr'>καί</span> <span class='ocrx_word' id='word_1_107' title='bbox 996 1973 1068 2068; x_wconf 83' lang='grc' dir='ltr'>ὑπὲρ</span> <span class='ocrx_word' id='word_1_108' title='bbox 1092 1974 1235 2066; x_wconf 88' lang='grc' dir='ltr'>δύναμιν·</span> <span class='ocrx_word' id='word_1_109' title='bbox 1256 1980 1468 2069; x_wconf 75' lang='grc' dir='ltr'>ἀπηχθημένος</span> 
     </span>
     <span class='ocr_line' id='line_1_14' title="bbox 374 2084 1466 2184; baseline 0.008 -35"><span class='ocrx_word' id='word_1_110' title='bbox 374 2093 418 2173; x_wconf 83' lang='grc' dir='ltr'>τῷ</span> <span class='ocrx_word' id='word_1_111' title='bbox 446 2086 638 2177; x_wconf 74' lang='grc' dir='ltr'>γεγεννηκότι</span> <span class='ocrx_word' id='word_1_112' title='bbox 645 2105 656 2166; x_wconf 81' lang='lat'>3</span> <span class='ocrx_word' id='word_1_113' title='bbox 688 2084 754 2150; x_wconf 86' lang='grc' dir='ltr'>ἀλλ’</span> <span class='ocrx_word' id='word_1_114' title='bbox 783 2084 981 2176; x_wconf 86' lang='grc' dir='ltr'>ἐπέμεινατῄ</span> <span class='ocrx_word' id='word_1_115' title='bbox 1012 2089 1078 2159; x_wconf 79' lang='grc' dir='ltr'>νηί·</span> <span class='ocrx_word' id='word_1_116' title='bbox 1107 2085 1187 2166; x_wconf 84' lang='grc' dir='ltr'>ξένος</span> <span class='ocrx_word' id='word_1_117' title='bbox 1212 2099 1270 2155; x_wconf 87' lang='grc' dir='ltr'>τῶν</span> <span class='ocrx_word' id='word_1_118' title='bbox 1294 2101 1466 2184; x_wconf 71' lang='grc' dir='ltr'>πατρικίους</span> 
     </span>
     <span class='ocr_line' id='line_1_15' title="bbox 376 2190 1468 2293; baseline 0.008 -32"><span class='ocrx_word' id='word_1_119' title='bbox 376 2194 446 2261; x_wconf 86' lang='grc' dir='ltr'>ἀλλ’</span> <span class='ocrx_word' id='word_1_120' title='bbox 462 2190 541 2261; x_wconf 85' lang='grc' dir='ltr'>ίδιον</span> <span class='ocrx_word' id='word_1_121' title='bbox 560 2204 619 2262; x_wconf 84' lang='grc' dir='ltr'>τῶν</span> <span class='ocrx_word' id='word_1_122' title='bbox 640 2197 736 2262; x_wconf 90' lang='grc' dir='ltr'>πόνων</span> <span class='ocrx_word' id='word_1_123' title='bbox 754 2199 845 2285; x_wconf 83' lang='grc' dir='ltr'>ἔσχον</span> <span class='ocrx_word' id='word_1_124' title='bbox 865 2198 995 2289; x_wconf 81' lang='grc' dir='ltr'>καρπόν.</span> <span class='ocrx_word' id='word_1_125' title='bbox 1019 2201 1070 2275; x_wconf 91' lang='grc' dir='ltr'>Τίς</span> <span class='ocrx_word' id='word_1_126' title='bbox 1088 2202 1222 2293; x_wconf 75' lang='grc' dir='ltr'>γεωργὸς</span> <span class='ocrx_word' id='word_1_127' title='bbox 1239 2201 1279 2266; x_wconf 83' lang='grc' dir='ltr'>ὢν</span> <span class='ocrx_word' id='word_1_128' title='bbox 1296 2205 1348 2268; x_wconf 76' lang='grc' dir='ltr'>καὶ</span> <span class='ocrx_word' id='word_1_129' title='bbox 1367 2229 1468 2270; x_wconf 89' lang='grc' dir='ltr'>κατα-</span> 
     </span>
     <span class='ocr_line' id='line_1_16' title="bbox 376 2305 1470 2403; baseline 0.005 -30"><span class='ocrx_word' id='word_1_130' title='bbox 376 2305 496 2373; x_wconf 71' lang='grc' dir='ltr'>ὂοίλλων</span> <span class='ocrx_word' id='word_1_131' title='bbox 518 2305 639 2383; x_wconf 82' lang='grc' dir='ltr'>κόποις’</span> <span class='ocrx_word' id='word_1_132' title='bbox 656 2316 804 2397; x_wconf 84' lang='grc' dir='ltr'>χειμῶνος</span> <span class='ocrx_word' id='word_1_133' title='bbox 819 2308 859 2372; x_wconf 84' lang='grc' dir='ltr'>τὰ</span> <span class='ocrx_word' id='word_1_134' title='bbox 878 2307 1056 2400; x_wconf 85' lang='grc' dir='ltr'>σπέρματα,</span> <span class='ocrx_word' id='word_1_135' title='bbox 1078 2310 1182 2386; x_wconf 87' lang='grc' dir='ltr'>ἀλλοις</span> <span class='ocrx_word' id='word_1_136' title='bbox 1200 2312 1229 2387; x_wconf 88' lang='grc' dir='ltr'>ἐς</span> <span class='ocrx_word' id='word_1_137' title='bbox 1250 2312 1346 2377; x_wconf 91' lang='grc' dir='ltr'>νέωτα</span> <span class='ocrx_word' id='word_1_138' title='bbox 1362 2339 1470 2403; x_wconf 90' lang='grc' dir='ltr'>παρα-</span> 
     </span>
     <span class='ocr_line' id='line_1_17' title="bbox 376 2419 1468 2511; baseline 0.005 -28"><span class='ocrx_word' id='word_1_139' title='bbox 376 2427 472 2510; x_wconf 85' lang='grc' dir='ltr'>χωρεῖ</span> <span class='ocrx_word' id='word_1_140' title='bbox 487 2426 547 2485; x_wconf 82' lang='grc' dir='ltr'>τῶν</span> <span class='ocrx_word' id='word_1_141' title='bbox 562 2426 703 2511; x_wconf 84' lang='grc' dir='ltr'>καρπῶν;</span> <span class='ocrx_word' id='word_1_142' title='bbox 722 2421 768 2494; x_wconf 88' lang='grc' dir='ltr'>τίς</span> <span class='ocrx_word' id='word_1_143' title='bbox 784 2420 883 2484; x_wconf 84' lang='grc' dir='ltr'>ἀθλῶν</span> <span class='ocrx_word' id='word_1_144' title='bbox 899 2422 952 2484; x_wconf 85' lang='grc' dir='ltr'>καί</span> <span class='ocrx_word' id='word_1_145' title='bbox 973 2424 1100 2496; x_wconf 79' lang='grc' dir='ltr'>νικήσας</span> <span class='ocrx_word' id='word_1_146' title='bbox 1116 2420 1221 2497; x_wconf 83' lang='grc' dir='ltr'>ἄλλοις</span> <span class='ocrx_word' id='word_1_147' title='bbox 1238 2419 1393 2498; x_wconf 80' lang='grc' dir='ltr'>ἐξίσταται</span> <span class='ocrx_word' id='word_1_148' title='bbox 1410 2433 1468 2489; x_wconf 87' lang='grc' dir='ltr'>τῶν</span> 
     </span>
     <span class='ocr_line' id='line_1_18' title="bbox 375 2529 1465 2621; baseline 0.002 -26"><span class='ocrx_word' id='word_1_149' title='bbox 375 2533 549 2621; x_wconf 80' lang='grc' dir='ltr'>στεφάνωνς</span> <span class='ocrx_word' id='word_1_150' title='bbox 573 2531 619 2605; x_wconf 92' lang='grc' dir='ltr'>τίς</span> <span class='ocrx_word' id='word_1_151' title='bbox 641 2529 738 2595; x_wconf 85' lang='grc' dir='ltr'>πλέων</span> <span class='ocrx_word' id='word_1_152' title='bbox 756 2529 803 2595; x_wconf 86' lang='grc' dir='ltr'>ε’πί</span> <span class='ocrx_word' id='word_1_153' title='bbox 825 2532 893 2606; x_wconf 85' lang='grc' dir='ltr'>νηὸς</span> <span class='ocrx_word' id='word_1_154' title='bbox 915 2532 968 2595; x_wconf 81' lang='grc' dir='ltr'>καὶ</span> <span class='ocrx_word' id='word_1_155' title='bbox 986 2535 1038 2595; x_wconf 82' lang='grc' dir='ltr'>τοῦ</span> <span class='ocrx_word' id='word_1_156' title='bbox 1057 2538 1205 2619; x_wconf 86' lang='grc' dir='ltr'>χειμῶνος</span> <span class='ocrx_word' id='word_1_157' title='bbox 1222 2531 1465 2619; x_wconf 75' lang='grc' dir='ltr'>καταλαύόντος,</span> 
     </span>
     <span class='ocr_line' id='line_1_19' title="bbox 376 2640 1467 2734; baseline 0.005 -30"><span class='ocrx_word' id='word_1_158' title='bbox 376 2648 437 2707; x_wconf 83' lang='grc' dir='ltr'>τῶν</span> <span class='ocrx_word' id='word_1_159' title='bbox 452 2640 553 2706; x_wconf 80' lang='grc' dir='ltr'>ἄλλων</span> <span class='ocrx_word' id='word_1_160' title='bbox 570 2641 796 2732; x_wconf 71' lang='grc' dir='ltr'>ἀποφυγόντων,</span> <span class='ocrx_word' id='word_1_161' title='bbox 813 2640 903 2716; x_wconf 79' lang='grc' dir='ltr'>αὐτὸς</span> <span class='ocrx_word' id='word_1_162' title='bbox 920 2640 1075 2727; x_wconf 85' lang='grc' dir='ltr'>ἐπιμένων,</span> <span class='ocrx_word' id='word_1_163' title='bbox 1093 2641 1184 2728; x_wconf 89' lang='grc' dir='ltr'>ὁμόσε</span> <span class='ocrx_word' id='word_1_164' title='bbox 1203 2650 1310 2733; x_wconf 83' lang='grc' dir='ltr'>χωρῶν</span> <span class='ocrx_word' id='word_1_165' title='bbox 1324 2645 1375 2706; x_wconf 88' lang='grc' dir='ltr'>καί</span> <span class='ocrx_word' id='word_1_166' title='bbox 1392 2644 1467 2734; x_wconf 81' lang='grc' dir='ltr'>ζοίλη</span> 
     </span>
     <span class='ocr_line' id='line_1_20' title="bbox 377 2748 1469 2844; baseline 0.002 -27"><span class='ocrx_word' id='word_1_167' title='bbox 377 2752 430 2817; x_wconf 80' lang='grc' dir='ltr'>καί</span> <span class='ocrx_word' id='word_1_168' title='bbox 445 2754 607 2844; x_wconf 73' lang='grc' dir='ltr'>καταιγίσι</span> <span class='ocrx_word' id='word_1_169' title='bbox 621 2753 673 2816; x_wconf 84' lang='grc' dir='ltr'>καί</span> <span class='ocrx_word' id='word_1_170' title='bbox 688 2750 865 2839; x_wconf 87' lang='grc' dir='ltr'>πνεύμασιν,</span> <span class='ocrx_word' id='word_1_171' title='bbox 881 2748 966 2835; x_wconf 80' lang='grc' dir='ltr'>εἶτα,</span> <span class='ocrx_word' id='word_1_172' title='bbox 985 2753 1209 2843; x_wconf 73' lang='grc' dir='ltr'>περιγενόμενος</span> <span class='ocrx_word' id='word_1_173' title='bbox 1221 2761 1280 2818; x_wconf 88' lang='grc' dir='ltr'>τῶν</span> <span class='ocrx_word' id='word_1_174' title='bbox 1293 2748 1411 2838; x_wconf 86' lang='grc' dir='ltr'>δεινῶν,</span> <span class='ocrx_word' id='word_1_175' title='bbox 1429 2757 1469 2819; x_wconf 88' lang='grc' dir='ltr'>τά</span> 
     </span>
     <span class='ocr_line' id='line_1_21' title="bbox 377 2841 1468 2955; baseline 0.004 -29"><span class='ocrx_word' id='word_1_176' title='bbox 377 2870 431 2938; x_wconf 85' lang='grc' dir='ltr'>τῆς</span> <span class='ocrx_word' id='word_1_177' title='bbox 440 2861 535 2951; x_wconf 88' lang='grc' dir='ltr'>τύχης</span> <span class='ocrx_word' id='word_1_178' title='bbox 547 2857 633 2953; x_wconf 87' lang='grc' dir='ltr'>δῶρα</span> <span class='ocrx_word' id='word_1_179' title='bbox 645 2861 807 2949; x_wconf 73' lang='grc' dir='ltr'>λαμόοίνειν</span> <span class='ocrx_word' id='word_1_180' title='bbox 821 2863 924 2938; x_wconf 89' lang='grc' dir='ltr'>ἀλλοις</span> <span class='ocrx_word' id='word_1_181' title='bbox 937 2865 1076 2955; x_wconf 82' lang='grc' dir='ltr'>ἀρίησιν;</span> <span class='ocrx_word' id='word_1_182' title='bbox 1093 2841 1199 2955; x_wconf 74' lang='grc' dir='ltr'>Ᾰρρων</span> <span class='ocrx_word' id='word_1_183' title='bbox 1213 2864 1250 2928; x_wconf 87' lang='grc' dir='ltr'>ἀν</span> <span class='ocrx_word' id='word_1_184' title='bbox 1260 2859 1309 2950; x_wconf 74' lang='grc' dir='ltr'>ἦν,</span> <span class='ocrx_word' id='word_1_185' title='bbox 1325 2868 1364 2948; x_wconf 85' lang='grc' dir='ltr'>εἰ,</span> <span class='ocrx_word' id='word_1_186' title='bbox 1380 2870 1468 2931; x_wconf 83' lang='grc' dir='ltr'>τοῦτο</span> 
     </span>
     <span class='ocr_line' id='line_1_22' title="bbox 372 2958 1466 3068; baseline 0.001 -29"><span class='ocrx_word' id='word_1_187' title='bbox 372 2958 565 3065; x_wconf 65' lang='grc' dir='ltr'>ιπροςδοκών,</span> <span class='ocrx_word' id='word_1_188' title='bbox 581 2974 638 3038; x_wconf 88' lang='grc' dir='ltr'>κάν</span> <span class='ocrx_word' id='word_1_189' title='bbox 652 2973 733 3066; x_wconf 84' lang='grc' dir='ltr'>ὥραν</span> <span class='ocrx_word' id='word_1_190' title='bbox 746 2976 819 3060; x_wconf 89' lang='grc' dir='ltr'>μίαν</span> <span class='ocrx_word' id='word_1_191' title='bbox 832 2973 984 3060; x_wconf 87' lang='grc' dir='ltr'>ἐπέμεινα.</span> <span class='ocrx_word' id='word_1_192' title='bbox 1004 2976 1062 3038; x_wconf 87' lang='grc' dir='ltr'>Διά</span> <span class='ocrx_word' id='word_1_193' title='bbox 1074 2976 1104 3038; x_wconf 93' lang='grc' dir='ltr'>τί</span> <span class='ocrx_word' id='word_1_194' title='bbox 1115 2978 1189 3068; x_wconf 81' lang='grc' dir='ltr'>χάρ,</span> <span class='ocrx_word' id='word_1_195' title='bbox 1205 2971 1331 3066; x_wconf 84' lang='grc' dir='ltr'>ἀνδρες;</span> <span class='ocrx_word' id='word_1_196' title='bbox 1350 2971 1404 3041; x_wconf 89' lang='grc' dir='ltr'>διά</span> <span class='ocrx_word' id='word_1_197' title='bbox 1419 2981 1466 3051; x_wconf 90' lang='grc' dir='ltr'>τί;</span> 
     </span>
     <span class='ocr_line' id='line_1_23' title="bbox 378 3084 1467 3178; baseline 0.003 -29"><span class='ocrx_word' id='word_1_198' title='bbox 378 3085 427 3151; x_wconf 81' lang='grc' dir='ltr'>ίνα</span> <span class='ocrx_word' id='word_1_199' title='bbox 449 3094 553 3162; x_wconf 83' lang='grc' dir='ltr'>κεναῖς</span> <span class='ocrx_word' id='word_1_200' title='bbox 576 3084 712 3151; x_wconf 84' lang='grc' dir='ltr'>ἀπελθὼν</span> <span class='ocrx_word' id='word_1_201' title='bbox 732 3094 800 3160; x_wconf 86' lang='grc' dir='ltr'>ταῖς</span> <span class='ocrx_word' id='word_1_202' title='bbox 822 3087 940 3176; x_wconf 85' lang='grc' dir='ltr'>χερσίν,</span> <span class='ocrx_word' id='word_1_203' title='bbox 960 3085 1081 3150; x_wconf 88' lang='grc' dir='ltr'>ἐπαίνου</span> <span class='ocrx_word' id='word_1_204' title='bbox 1098 3086 1182 3176; x_wconf 90' lang='grc' dir='ltr'>τύχω</span> <span class='ocrx_word' id='word_1_205' title='bbox 1203 3089 1255 3152; x_wconf 85' lang='grc' dir='ltr'>καὶ</span> <span class='ocrx_word' id='word_1_206' title='bbox 1277 3094 1467 3178; x_wconf 86' lang='grc' dir='ltr'>κροτησμοῡ;</span> 
     </span>
     <span class='ocr_line' id='line_1_24' title="bbox 378 3191 1468 3287; baseline 0 -27"><span class='ocrx_word' id='word_1_207' title='bbox 378 3191 463 3272; x_wconf 77' lang='grc' dir='ltr'>ἀξιον</span> <span class='ocrx_word' id='word_1_208' title='bbox 485 3196 525 3260; x_wconf 88' lang='grc' dir='ltr'>ἀν</span> <span class='ocrx_word' id='word_1_209' title='bbox 544 3191 582 3267; x_wconf 69' lang='grc' dir='ltr'>ἦν</span> <span class='ocrx_word' id='word_1_210' title='bbox 601 3196 635 3260; x_wconf 84' lang='grc' dir='ltr'>τό</span> <span class='ocrx_word' id='word_1_211' title='bbox 656 3196 749 3287; x_wconf 78' lang='grc' dir='ltr'>χέρας</span> <span class='ocrx_word' id='word_1_212' title='bbox 766 3202 823 3260; x_wconf 85' lang='grc' dir='ltr'>τῶν</span> <span class='ocrx_word' id='word_1_213' title='bbox 839 3194 989 3260; x_wconf 86' lang='grc' dir='ltr'>τοσούτων</span> <span class='ocrx_word' id='word_1_214' title='bbox 1005 3199 1058 3261; x_wconf 87' lang='grc' dir='ltr'>καί</span> <span class='ocrx_word' id='word_1_215' title='bbox 1076 3196 1258 3268; x_wconf 80' lang='grc' dir='ltr'>τηλικούτων</span> <span class='ocrx_word' id='word_1_216' title='bbox 1280 3198 1395 3281; x_wconf 88' lang='grc' dir='ltr'>πόνων,</span> <span class='ocrx_word' id='word_1_217' title='bbox 1417 3201 1468 3263; x_wconf 88' lang='grc' dir='ltr'>καί</span> 
     </span>
     <span class='ocr_line' id='line_1_25' title="bbox 377 3302 1471 3400; baseline 0.001 -29"><span class='ocrx_word' id='word_1_218' title='bbox 377 3316 432 3384; x_wconf 77' lang='grc' dir='ltr'>της</span> <span class='ocrx_word' id='word_1_219' title='bbox 454 3316 577 3398; x_wconf 83' lang='grc' dir='ltr'>μακρᾶς</span> <span class='ocrx_word' id='word_1_220' title='bbox 595 3306 709 3383; x_wconf 85' lang='grc' dir='ltr'>ἐκείνης</span> <span class='ocrx_word' id='word_1_221' title='bbox 730 3309 782 3372; x_wconf 86' lang='grc' dir='ltr'>καὶ</span> <span class='ocrx_word' id='word_1_222' title='bbox 808 3302 1009 3382; x_wconf 88' lang='grc' dir='ltr'>κινδυνώδους</span> <span class='ocrx_word' id='word_1_223' title='bbox 1025 3318 1203 3400; x_wconf 78' lang='grc' dir='ltr'>περιφορᾶς·</span> <span class='ocrx_word' id='word_1_224' title='bbox 1228 3307 1295 3374; x_wconf 83' lang='grc' dir='ltr'>ἀλλ’</span> <span class='ocrx_word' id='word_1_225' title='bbox 1313 3309 1361 3372; x_wconf 91' lang='grc' dir='ltr'>ίνα</span> <span class='ocrx_word' id='word_1_226' title='bbox 1380 3310 1471 3374; x_wconf 89' lang='grc' dir='ltr'>πάλιν</span> 
     </span>
     <span class='ocr_line' id='line_1_26' title="bbox 378 3414 1472 3511; baseline -0.002 -26"><span class='ocrx_word' id='word_1_227' title='bbox 378 3424 421 3496; x_wconf 81' lang='grc' dir='ltr'>εἰς</span> <span class='ocrx_word' id='word_1_228' title='bbox 434 3415 631 3511; x_wconf 81' lang='grc' dir='ltr'>δικαστήριον</span> <span class='ocrx_word' id='word_1_229' title='bbox 644 3419 797 3505; x_wconf 85' lang='grc' dir='ltr'>ἐλκυσθῶ,</span> <span class='ocrx_word' id='word_1_230' title='bbox 817 3421 869 3484; x_wconf 84' lang='grc' dir='ltr'>καί</span> <span class='ocrx_word' id='word_1_231' title='bbox 888 3414 1038 3496; x_wconf 83' lang='grc' dir='ltr'>δικαστὰς</span> <span class='ocrx_word' id='word_1_232' title='bbox 1055 3417 1113 3484; x_wconf 85' lang='grc' dir='ltr'>’ίδω</span> <span class='ocrx_word' id='word_1_233' title='bbox 1128 3421 1180 3484; x_wconf 83' lang='grc' dir='ltr'>καὶ</span> <span class='ocrx_word' id='word_1_234' title='bbox 1195 3417 1300 3506; x_wconf 76' lang='grc' dir='ltr'>βῆμα,</span> <span class='ocrx_word' id='word_1_235' title='bbox 1318 3423 1370 3484; x_wconf 83' lang='grc' dir='ltr'>καὶ</span> <span class='ocrx_word' id='word_1_236' title='bbox 1387 3424 1472 3510; x_wconf 80' lang='grc' dir='ltr'>ἀχω-</span> 
     </span>
     <span class='ocr_line' id='line_1_27' title="bbox 379 3523 1471 3621; baseline -0.002 -26"><span class='ocrx_word' id='word_1_237' title='bbox 379 3532 515 3606; x_wconf 83' lang='grc' dir='ltr'>νίζεσθαι</span> <span class='ocrx_word' id='word_1_238' title='bbox 532 3531 776 3621; x_wconf 78' lang='grc' dir='ltr'>ἀναχκάζωμαι;</span> <span class='ocrx_word' id='word_1_239' title='bbox 796 3528 931 3619; x_wconf 87' lang='grc' dir='ltr'>λαμπρὸν</span> <span class='ocrx_word' id='word_1_240' title='bbox 949 3529 985 3594; x_wconf 87' lang='grc' dir='ltr'>ἀν</span> <span class='ocrx_word' id='word_1_241' title='bbox 1001 3526 1036 3600; x_wconf 69' lang='grc' dir='ltr'>ἦν</span> <span class='ocrx_word' id='word_1_242' title='bbox 1058 3530 1092 3594; x_wconf 84' lang='grc' dir='ltr'>τὸ</span> <span class='ocrx_word' id='word_1_243' title='bbox 1112 3529 1158 3593; x_wconf 81' lang='grc' dir='ltr'>ἐπὶ</span> <span class='ocrx_word' id='word_1_244' title='bbox 1179 3539 1243 3604; x_wconf 84' lang='grc' dir='ltr'>τοῖς</span> <span class='ocrx_word' id='word_1_245' title='bbox 1259 3529 1364 3603; x_wconf 85' lang='grc' dir='ltr'>κόποις</span> <span class='ocrx_word' id='word_1_246' title='bbox 1380 3523 1471 3593; x_wconf 86' lang='grc' dir='ltr'>ἀθλον</span> 
     </span>
     <span class='ocr_line' id='line_1_28' title="bbox 380 3637 726 3727; baseline -0.009 -20"><span class='ocrx_word' id='word_1_247' title='bbox 380 3644 434 3707; x_wconf 85' lang='grc' dir='ltr'>καὶ</span> <span class='ocrx_word' id='word_1_248' title='bbox 452 3643 612 3727; x_wconf 82' lang='grc' dir='ltr'>θαυμάσαι</span> <span class='ocrx_word' id='word_1_249' title='bbox 628 3637 726 3716; x_wconf 80' lang='grc' dir='ltr'>ἀξιον.</span> 
     </span>
    </p>

    <p class='ocr_par' dir='ltr' id='par_1_4' title="bbox 380 3748 1471 3951">
     <span class='ocr_line' id='line_1_29' title="bbox 428 3748 1471 3843; baseline 0.001 -28"><span class='ocrx_word' id='word_1_250' title='bbox 428 3754 466 3816; x_wconf 88' lang='grc' dir='ltr'>Τί</span> <span class='ocrx_word' id='word_1_251' title='bbox 477 3751 650 3835; x_wconf 74' lang='grc' dir='ltr'>τηνᾶλλως,</span> <span class='ocrx_word' id='word_1_252' title='bbox 668 3754 822 3842; x_wconf 83' lang='grc' dir='ltr'>ἄνθρωπε,</span> <span class='ocrx_word' id='word_1_253' title='bbox 841 3749 955 3841; x_wconf 73' lang='grc' dir='ltr'>λέγεις,</span> <span class='ocrx_word' id='word_1_254' title='bbox 975 3752 1027 3815; x_wconf 85' lang='grc' dir='ltr'>καί</span> <span class='ocrx_word' id='word_1_255' title='bbox 1045 3759 1097 3826; x_wconf 78' lang='grc' dir='ltr'>τῆς</span> <span class='ocrx_word' id='word_1_256' title='bbox 1114 3750 1187 3838; x_wconf 82' lang='grc' dir='ltr'>ε’μῆς</span> <span class='ocrx_word' id='word_1_257' title='bbox 1201 3748 1367 3843; x_wconf 85' lang='grc' dir='ltr'>βαρύτερος</span> <span class='ocrx_word' id='word_1_258' title='bbox 1382 3755 1471 3843; x_wconf 73' lang='grc' dir='ltr'>φαίνῃ</span> 
     </span>
     <span class='ocr_line' id='line_1_30' title="bbox 380 3855 1470 3951; baseline 0.002 -27"><span class='ocrx_word' id='word_1_259' title='bbox 380 3860 493 3951; x_wconf 82' lang='grc' dir='ltr'>τύχης;</span> <span class='ocrx_word' id='word_1_260' title='bbox 516 3855 563 3938; x_wconf 79' lang='grc' dir='ltr'>οἷς</span> <span class='ocrx_word' id='word_1_261' title='bbox 582 3859 643 3929; x_wconf 67' lang='grc' dir='ltr'>ότι3</span> <span class='ocrx_word' id='word_1_262' title='bbox 660 3861 755 3933; x_wconf 87' lang='grc' dir='ltr'>ἐκείνη</span> <span class='ocrx_word' id='word_1_263' title='bbox 776 3861 841 3948; x_wconf 85' lang='grc' dir='ltr'>μέν,</span> <span class='ocrx_word' id='word_1_264' title='bbox 867 3864 891 3924; x_wconf 84' lang='grc' dir='ltr'>εί</span> <span class='ocrx_word' id='word_1_265' title='bbox 913 3863 965 3925; x_wconf 81' lang='grc' dir='ltr'>καὶ</span> <span class='ocrx_word' id='word_1_266' title='bbox 984 3860 1087 3948; x_wconf 90' lang='grc' dir='ltr'>μόλις,</span> <span class='ocrx_word' id='word_1_267' title='bbox 1107 3861 1174 3927; x_wconf 86' lang='grc' dir='ltr'>ἀλλ’</span> <span class='ocrx_word' id='word_1_268' title='bbox 1192 3861 1273 3949; x_wconf 82' lang='grc' dir='ltr'>ὅμως</span> <span class='ocrx_word' id='word_1_269' title='bbox 1291 3862 1470 3948; x_wconf 91' lang='grc' dir='ltr'>ἐσπείσατο,</span> 
     </span>
    </p>
   </div>
   <div class='ocr_carea' id='block_1_2' title="bbox 386 4133 1497 4515">
    <p class='ocr_par' dir='ltr' id='par_1_5' title="bbox 416 4133 1474 4203">
     <span class='ocr_line' id='line_1_31' title="bbox 416 4133 1474 4203; baseline 0.001 -18"><span class='ocrx_word' id='word_1_270' title='bbox 416 4133 605 4201; x_wconf 78' lang='lat' dir='ltr'><strong>‘Repetendum</strong></span> <span class='ocrx_word' id='word_1_271' title='bbox 615 4145 697 4185; x_wconf 79' lang='lat' dir='ltr'>mente</span> <span class='ocrx_word' id='word_1_272' title='bbox 707 4136 804 4184; x_wconf 78' lang='grc' dir='ltr'>διδοῦσι.</span> <span class='ocrx_word' id='word_1_273' title='bbox 942 4133 1039 4183; x_wconf 83' lang='lat' dir='ltr'><strong>Choric.</strong></span> <span class='ocrx_word' id='word_1_274' title='bbox 1064 4150 1089 4197; x_wconf 89' lang='lat' dir='ltr'>p.</span> <span class='ocrx_word' id='word_1_275' title='bbox 1113 4136 1171 4182; x_wconf 77' lang='lat'><strong>256.</strong></span> <span class='ocrx_word' id='word_1_276' title='bbox 1198 4134 1233 4182; x_wconf 82' lang='lat' dir='ltr'>Ea</span> <span class='ocrx_word' id='word_1_277' title='bbox 1256 4152 1313 4184; x_wconf 79' lang='lat' dir='ltr'>usus</span> <span class='ocrx_word' id='word_1_278' title='bbox 1337 4146 1374 4184; x_wconf 84' lang='lat' dir='ltr'>est</span> <span class='ocrx_word' id='word_1_279' title='bbox 1401 4153 1474 4203; x_wconf 83' lang='lat' dir='ltr'><strong>supra</strong></span> 
     </span>
    </p>

    <p class='ocr_par' dir='ltr' id='par_1_6' title="bbox 386 4209 1476 4361">
     <span class='ocr_line' id='line_1_32' title="bbox 416 4209 1476 4277; baseline 0.003 -16"><span class='ocrx_word' id='word_1_280' title='bbox 416 4209 477 4261; x_wconf 75' lang='lat' dir='ltr'><strong>’sic</strong></span> <span class='ocrx_word' id='word_1_281' title='bbox 492 4211 549 4262; x_wconf 82' lang='lat' dir='ltr'><strong>cod.</strong></span> <span class='ocrx_word' id='word_1_282' title='bbox 566 4211 680 4263; x_wconf 72' lang='lat' dir='ltr'>Fortasse</span> <span class='ocrx_word' id='word_1_283' title='bbox 692 4213 782 4262; x_wconf 80' lang='lat' dir='ltr'><strong>excidit</strong></span> <span class='ocrx_word' id='word_1_284' title='bbox 794 4211 914 4277; x_wconf 77' lang='lat' dir='ltr'><strong>praeposi·</strong></span> <span class='ocrx_word' id='word_1_285' title='bbox 943 4227 970 4275; x_wconf 88' lang='lat' dir='ltr'>p.</span> <span class='ocrx_word' id='word_1_286' title='bbox 983 4213 1025 4271; x_wconf 84' lang='grc'>91,</span> <span class='ocrx_word' id='word_1_287' title='bbox 1041 4213 1056 4258; x_wconf 79' lang='lat'>2</span> <span class='ocrx_word' id='word_1_288' title='bbox 1063 4230 1070 4271; x_wconf 87' lang='lat'>;</span> <span class='ocrx_word' id='word_1_289' title='bbox 1081 4220 1161 4260; x_wconf 73' lang='lat' dir='ltr'>utetur</span> <span class='ocrx_word' id='word_1_290' title='bbox 1171 4222 1195 4260; x_wconf 80' lang='lat' dir='ltr'>et</span> <span class='ocrx_word' id='word_1_291' title='bbox 1211 4211 1278 4261; x_wconf 82' lang='lat' dir='ltr'><strong>Deol.</strong></span> <span class='ocrx_word' id='word_1_292' title='bbox 1290 4213 1325 4271; x_wconf 84' lang='lat' dir='ltr'>X,</span> <span class='ocrx_word' id='word_1_293' title='bbox 1336 4214 1378 4263; x_wconf 81' lang='lat' dir='ltr'>xl.</span> <span class='ocrx_word' id='word_1_294' title='bbox 1392 4214 1476 4265; x_wconf 76' lang='lat' dir='ltr'><strong>Aristi-</strong></span> 
     </span>
     <span class='ocr_line' id='line_1_33' title="bbox 386 4288 1475 4361; baseline 0.006 -23"><span class='ocrx_word' id='word_1_295' title='bbox 386 4288 418 4339; x_wconf 78' lang='lat' dir='ltr'>tio</span> <span class='ocrx_word' id='word_1_296' title='bbox 430 4294 468 4341; x_wconf 76' lang='grc' dir='ltr'>σὺν</span> <span class='ocrx_word' id='word_1_297' title='bbox 479 4296 571 4349; x_wconf 84' lang='grc' dir='ltr'>κόποις,</span> <span class='ocrx_word' id='word_1_298' title='bbox 586 4294 608 4341; x_wconf 81' lang='grc' dir='ltr'>ἐκ</span> <span class='ocrx_word' id='word_1_299' title='bbox 619 4296 709 4348; x_wconf 79' lang='grc' dir='ltr'>κόποις.</span> <span class='ocrx_word' id='word_1_300' title='bbox 839 4296 845 4307; x_wconf 80' lang='grc'><strong>’</strong></span> <span class='ocrx_word' id='word_1_301' title='bbox 944 4288 987 4338; x_wconf 83' lang='lat' dir='ltr'>des</span> <span class='ocrx_word' id='word_1_302' title='bbox 1000 4299 1108 4338; x_wconf 78' lang='lat' dir='ltr'><strong>extrema</strong></span> <span class='ocrx_word' id='word_1_303' title='bbox 1122 4290 1232 4338; x_wconf 81' lang='lat' dir='ltr'><strong>oratione</strong></span> <span class='ocrx_word' id='word_1_304' title='bbox 1246 4292 1276 4339; x_wconf 80' lang='lat'>53</span> <span class='ocrx_word' id='word_1_305' title='bbox 1289 4310 1295 4339; x_wconf 89' lang='lat'>:</span> <span class='ocrx_word' id='word_1_306' title='bbox 1307 4298 1378 4361; x_wconf 77' lang='grc' dir='ltr'>χάριν</span> <span class='ocrx_word' id='word_1_307' title='bbox 1393 4296 1421 4344; x_wconf 82' lang='grc' dir='ltr'>ἀν</span> <span class='ocrx_word' id='word_1_308' title='bbox 1439 4299 1475 4344; x_wconf 84' lang='grc' dir='ltr'>εἱ-</span> 
     </span>
    </p>

    <p class='ocr_par' dir='ltr' id='par_1_7' title="bbox 388 4366 1497 4515">
     <span class='ocr_line' id='line_1_34' title="bbox 419 4366 1478 4433; baseline 0.002 -16"><span class='ocrx_word' id='word_1_309' title='bbox 419 4366 428 4393; x_wconf 76' lang='lat'>⁵</span> <span class='ocrx_word' id='word_1_310' title='bbox 441 4367 560 4433; x_wconf 79' lang='lat' dir='ltr'><strong>Exempla</strong></span> <span class='ocrx_word' id='word_1_311' title='bbox 568 4368 678 4419; x_wconf 61' lang='lat' dir='ltr'>formulae</span> <span class='ocrx_word' id='word_1_312' title='bbox 689 4372 723 4427; x_wconf 77' lang='grc' dir='ltr'>οἷς</span> <span class='ocrx_word' id='word_1_313' title='bbox 735 4369 774 4419; x_wconf 80' lang='grc' dir='ltr'>ὅτι</span> <span class='ocrx_word' id='word_1_314' title='bbox 783 4382 813 4417; x_wconf 79' lang='lat' dir='ltr'>ex</span> <span class='ocrx_word' id='word_1_315' title='bbox 823 4366 917 4432; x_wconf 74' lang='lat' dir='ltr'><strong>Pachy·</strong></span> <span class='ocrx_word' id='word_1_316' title='bbox 944 4373 1015 4424; x_wconf 84' lang='grc' dir='ltr'>κότως</span> <span class='ocrx_word' id='word_1_317' title='bbox 1022 4367 1073 4432; x_wconf 77' lang='grc' dir='ltr'>ἔχοι</span> <span class='ocrx_word' id='word_1_318' title='bbox 1081 4371 1198 4425; x_wconf 84' lang='grc' dir='ltr'>Λεπτίνης</span> <span class='ocrx_word' id='word_1_319' title='bbox 1206 4370 1239 4426; x_wconf 75' lang='grc' dir='ltr'>οἷς</span> <span class='ocrx_word' id='word_1_320' title='bbox 1248 4369 1286 4420; x_wconf 79' lang='grc' dir='ltr'>ὅτι</span> <span class='ocrx_word' id='word_1_321' title='bbox 1296 4375 1364 4422; x_wconf 80' lang='grc' dir='ltr'>πλέον</span> <span class='ocrx_word' id='word_1_322' title='bbox 1377 4374 1478 4424; x_wconf 75' lang='grc' dir='ltr'>ἐντεῦθεν</span> 
     </span>
     <span class='ocr_line' id='line_1_35' title="bbox 388 4443 1497 4515; baseline 0.005 -23"><span class='ocrx_word' id='word_1_323' title='bbox 388 4445 458 4494; x_wconf 75' lang='lat' dir='ltr'>meris</span> <span class='ocrx_word' id='word_1_324' title='bbox 472 4445 693 4511; x_wconf 74' lang='lat' dir='ltr'><strong>Progymnasmatis</strong></span> <span class='ocrx_word' id='word_1_325' title='bbox 706 4446 761 4496; x_wconf 83' lang='lat' dir='ltr'>vide</span> <span class='ocrx_word' id='word_1_326' title='bbox 773 4445 797 4494; x_wconf 86' lang='lat' dir='ltr'>in</span> <span class='ocrx_word' id='word_1_327' title='bbox 810 4444 874 4494; x_wconf 82' lang='grc' dir='ltr'>ιιοεῖε</span> <span class='ocrx_word' id='word_1_328' title='bbox 886 4443 917 4492; x_wconf 80' lang='lat' dir='ltr'>ad</span> <span class='ocrx_word' id='word_1_329' title='bbox 945 4452 1027 4496; x_wconf 80' lang='grc' dir='ltr'>τοῦτον</span> <span class='ocrx_word' id='word_1_330' title='bbox 1036 4449 1161 4511; x_wconf 83' lang='grc' dir='ltr'>στμυὺνεις.</span> <span class='ocrx_word' id='word_1_331' title='bbox 1174 4446 1277 4507; x_wconf 74' lang='lat' dir='ltr'>Gallice,</span> <span class='ocrx_word' id='word_1_332' title='bbox 1291 4469 1303 4494; x_wconf 79' lang='grc' dir='ltr'>ι</span> <span class='ocrx_word' id='word_1_333' title='bbox 1314 4466 1344 4500; x_wconf 87' lang='lat' dir='ltr'>en</span> <span class='ocrx_word' id='word_1_334' title='bbox 1356 4466 1385 4501; x_wconf 84' lang='grc' dir='ltr'>σε</span> <span class='ocrx_word' id='word_1_335' title='bbox 1395 4467 1443 4515; x_wconf 84' lang='lat' dir='ltr'>que</span> <span class='ocrx_word' id='word_1_336' title='bbox 1493 4488 1497 4497; x_wconf 88' lang='lat'>.</span> 
     </span>
    </p>
   </div>
   <div class='ocr_carea' id='block_1_3' title="bbox 1319 4534 1359 4590">
    <p class='ocr_par' dir='ltr' id='par_1_8' title="bbox 1319 4534 1359 4590">
     <span class='ocr_line' id='line_1_36' title="bbox 1319 4534 1359 4590; baseline 0.025 -1"><span class='ocrx_word' id='word_1_337' title='bbox 1319 4534 1359 4590; x_wconf 73' lang='lat'>20</span> 
     </span>
    </p>
   </div>
   <div class='ocr_carea' id='block_1_4' title="bbox 0 0 1863 5659">
    <p class='ocr_par' dir='ltr' id='par_1_9' title="bbox 0 0 1863 5659">
     <span class='ocr_line' id='line_1_37' title="bbox 0 0 1863 5659; baseline 0 0"><span class='ocrx_word' id='word_1_338' title='bbox 0 0 1863 5659; x_wconf 95' lang='lat' dir='ltr'> </span> 
     </span>
    </p>
   </div>
  </div>
 </body>
</html>
