3684 5659
805 611 961 673 MEAETH
988 600 1042 672 IB'.
1397 608 1469 678 233

371 770 461 835 μενον
490 750 542 812 καὶ
570 752 622 811 τοῦ
652 747 817 834 πολεμικοῦ
846 749 1031 822 καθήκοντος
1061 746 1304 838 ροιθυμήσοντα“,
1336 745 1400 813 οὐδ’
1431 751 1470 826 ὡς

371 853 677 950 καταπροησόμενον’
693 867 755 933 τοῖς
767 857 886 949 ἐχθροῖς
900 858 970 934 τοῦς
984 858 1144 949 ἡμετέρους
1157 860 1354 947 συμμάχους,
1375 862 1399 922 εί
1417 863 1469 924 καὶ

371 973 461 1062 παρά
481 969 571 1061 λόγον
590 968 776 1045 πολλάκις’
753 986 887 1033 αττοιεν·
908 968 1011 1034 άλλ’“
996 996 1037 1046 ως
1058 969 1196 1108 μελέταις
1219 969 1397 1056 πολεμικαῖς
1418 973 1470 1035 καί

372 1076 526 1155 σπουδαῖς
542 1080 701 1154 παντοίαις
716 1076 930 1169 φυλάξοντα
898 1103 952 1166 μεν
969 1082 1020 1143 καὶ
1039 1082 1078 1144 τά
1091 1083 1150 1145 καθ
1154 1079 1283 1164 ἀῦτόν,
1302 1079 1472 1172 φυλάξοντα

373 1187 410 1256 δέ
437 1192 490 1256 καί
517 1189 586 1265 τοῦς
612 1190 722 1265 ἀλλους
746 1189 816 1264 τοῦς
843 1189 896 1254 σῦν
924 1189 1021 1276 αῦτῴ.
1048 1196 1075 1255 Ο
1102 1192 1161 1281 γάρ
1186 1191 1302 1282 κεφαλὴ
1327 1194 1469 1279 σώματι,

372 1299 457 1366 τοῦτ’
483 1299 574 1374 αὐτὸς
597 1299 719 1376 ἐκείνοις
742 1295 795 1384 ἦν,
822 1302 873 1364 καί
898 1295 1043 1365 ἕδειλ
984 1300 1043 1365 καλ
1045 1308 1085 1375 ῶς
1105 1301 1343 1391 προνοεῖσθαι“’
1321 1327 1393 1377 ωςτε
1418 1304 1470 1366 καί

375 1420 463 1495 νικᾷν
479 1412 531 1476 καὶ
548 1405 641 1497 μηδὲν
659 1409 868 1492 ἐλλείπεσθαι,
887 1411 927 1485 ὡς
940 1419 1073 1501 κρεῖττον
1088 1421 1195 1502 μακρῷ
1208 1412 1240 1476 ’ὸν
1253 1413 1474 1502 περισώζεσθαι

376 1522 448 1598 τοῦς
461 1521 621 1612 ἡμετέρους
634 1520 700 1607 μετ’
715 1521 902 1613 ἀσφαλείας,
922 1521 1042 1605 ἢνικᾷν
1058 1521 1229 1611 ἐπισφαλῶς
1247 1522 1317 1598 τοῦς
1333 1522 1471 1612 ἐχθρούς.

426 1614 501 1697 Ᾰλλ’
519 1623 623 1716 οῦτος,
642 1631 697 1697 οῦκ
715 1627 775 1696 οἶδ’
794 1633 899 1697 ὁπόθεν
918 1633 1022 1719 μαθὼν
1039 1634 1079 1696 τά
1095 1632 1263 1719 πολεμικά,
1283 1633 1376 1698 είλετο
1390 1645 1475 1719 νικᾷν

357 1786 360 1791 ·
377 1746 481 1832 μόνον,
501 1744 558 1808 κάν
576 1739 708 1829 ξυμθαίη
725 1744 843 1818 πάντας
860 1752 975 1806 πεσεῖν.

427 1858 540 1937 Νικᾷν,
558 1847 581 1917 ὦ
596 1843 700 1937 οῦτος,
717 1855 795 1943 χρή,
815 1851 894 1916 άλλά
910 1855 962 1917 καί
978 1853 1044 1939 μετ’
1062 1853 1220 1929 εῦθουλίας
1236 1857 1288 1918 καί
1308 1856 1476 1947 ἀσφαλείας

378 1967 519 2041 ἁπάσης·
541 1965 597 2029 κάν
613 1966 675 2052 ἀπῇ
692 1964 726 2027 τὸ
745 1962 896 2053 ἀσφαλές,
916 1968 1047 2049 μάταιος
1063 1967 1082 2035 ἡ
1098 1968 1179 2036 νίκη.

427 2058 516 2161 ἀλλ’,
536 2075 606 2166 ὅπερ
626 2075 741 2166 ἔλεγον,
762 2075 928 2149 συστάντος
942 2081 994 2139 τοῦ
1011 2075 1142 2163 πολέμου
1160 2080 1211 2142 καὶ
1230 2081 1478 2170 καταρραγείσης

378 2196 432 2263 τῆς
454 2190 578 2318 μάχης,
603 2189 655 2251 καί
679 2194 736 2250 τῶν
760 2184 875 2276 ἐχθρῶν
895 2181 954 2256 ἥδη
980 2181 1065 2257 δίκην
1091 2184 1189 2252 συῶν3
1211 2189 1475 2270 ἐπειςπιπτόντων,

378 2294 494 2363 ἔδει
462 2320 516 2385 μεν
538 2297 605 2361 τότε
625 2295 788 2383 πολεμικῆς
809 2295 964 2425 ἐμπειρίας
981 2299 1033 2361 καί
1059 2296 1217 2374 εῦθουλίας
1233 2309 1275 2385 τῷ
1295 2307 1473 2390 στρατηγῷ,

379 2408 452 2486 ῶςτε
472 2403 630 2478 συστάδην
652 2409 770 2471 τάττειν
792 2405 862 2483 τοῦς
885 2409 1092 2520 στρατιώτας,
1118 2435 1170 2473 και
1195 2420 1371 2500 συγκροτεῖν
1395 2414 1476 2475 κατά

377 2545 448 2586 τινα
463 2519 675 2607 συνασπισμὸν
692 2520 832 2611 ἀρραγῆ,
857 2518 887 2582 δν
911 2524 1032 2609 Ομηρος
1056 2518 1153 2610 λέγει,
1179 2523 1231 2584 καί
1256 2523 1351 2608 τοίχω
1375 2521 1476 2598 καλῶς

378 2631 558 2725 ηρμοσμένῳ
587 2626 786 2721 παρεικάζει
812 2631 846 2695 τὸ
877 2633 1064 2721 στράτευμα.
1096 2635 1137 2705 Ως
1165 2633 1223 2722 γάρ
1252 2629 1325 2715 βίας
1352 2633 1476 2698 ἀλεείνει

378 2745 555 2831 πνευμάτων
564 2766 598 2806 το
587 2736 806 2828 ὀἰκοδόμημα
816 2741 989 2816 καλῶςα
928 2766 989 2832 αρα
990 2738 1055 2832 ρός“
1058 2789 1067 2825 ,
1081 2766 1175 2817 ουτως
1190 2741 1320 2828 εμθολας
1328 2742 1477 2830 πολεμιων

369 2854 545 2966 ,ὑφίσταται
561 2880 614 2918 και
632 2853 666 2916 τὸ
684 2854 857 2943 στράτευμα
876 2852 978 2928 καλῶς
996 2854 1242 2941 συνταττόμενον.

417 2945 551 3031 ἀλλ’
521 2989 607 3040 ουτος
621 2965 661 3027 τὰ
677 2987 730 3038 της
748 2962 907 3040 εῦθουλίας
926 2989 988 3055 παρ
990 2961 1140 3029 ὀῦδέν“
1123 2967 1331 3056 ηγησάμενος,
1353 2976 1478 3058 μαργῶν

379 3075 449 3153 τοῦς
470 3079 513 3152 είς
536 3073 712 3160 πόλεμον
681 3097 765 3149 νεους
783 3076 902 3153 ἀνίησι,
924 3100 976 3138 και
999 3075 1032 3138 τό
1053 3075 1240 3142 ἀσύντακτον
1258 3076 1383 3166 σφάλλει
1403 3077 1477 3142 τοῦ·

379 3212 463 3264 τους.
484 3186 543 3251 Και
568 3187 710 3250 πίπτουσι
733 3209 785 3271 μεν
808 3184 862 3249 οῦκ
883 3184 998 3318 όλίγρι,
1024 3187 1202 3252 ἁλίσκονται
1221 3184 1254 3251 δέ
1273 3189 1324 3252 καὶ
1349 3192 1474 3276 συχνοί,

380 3326 432 3365 και
422 3298 591 3382 τέλος,’
566 3322 591 3361 ει
604 3323 646 3384 μη
660 3295 738 3384 τύχη
752 3321 798 3371 τις
813 3296 935 3384 εῦμενης
948 3296 1086 3407 ὑπερεῖχε
1099 3324 1151 3369 την
1165 3310 1256 3390 χεῖρα
1272 3308 1326 3374 τῆς
1342 3298 1474 3384 πόλεως,

379 3404 518 3501 άρδην
500 3431 537 3473 αν
562 3407 716 3472 ἀπώλοντο
737 3409 777 3471 τά
802 3407 947 3498 ἡμέτερα.
939 3388 1090 3471 .Ᾰλλ”’
1064 3435 1130 3495 αμα
1146 3434 1183 3496 τη
1201 3408 1279 3497 τῦχη
1300 3411 1352 3473 καί
1377 3435 1396 3478 η
1419 3419 1477 3474 τῶν

379 3516 534 3613 ἀνδρῶν’
515 3544 606 3611 αρετη
623 3527 694 3603 νικᾷ
711 3521 763 3583 καί
781 3543 834 3589 την
848 3524 900 3584 τοῦ
914 3520 1059 3610 ἡγεμόνος
1074 3520 1248 3603 κακότητα,
1265 3545 1316 3583 και
1308 3518 1404 3583 καθ’
1422 3520 1477 3585 αῦ-

378 3632 432 3703 τίιν
448 3640 608 3722 γεγονυῖα,
630 3629 724 3720 ὥςπερ
743 3629 779 3693 άν
797 3629 830 3694 οῦ
849 3630 1018 3721 στρατηγόν
1035 3625 1131 3717 εἶχον,
1151 3631 1203 3694 καί
1223 3631 1296 3717 μόνη
1314 3630 1364 3694 τὸν
1383 3631 1476 3696 πόλε-

379 3766 435 3831 μον
450 3738 624 3824 διοικοῦσα,
643 3740 740 3805 πολλά
752 3742 894 3804 παθοῦσα
908 3741 960 3804 καί
978 3741 1066 3830 μόγις
1080 3743 1263 3833 περιγίνεται
1274 3750 1332 3806 τῶν
1346 3741 1474 3834 ἐχθρῶν.

378 3855 438 3918 Καί
456 3854 476 3923 ἡ
494 3847 619 3943 δευτέρα
635 3854 770 3944 φροντίς,
792 3853 810 3921 ἡ
827 3854 923 3940 χωρὶς
941 3857 1133 3942 στρατηγοῦ,
1153 3852 1309 3944 σοφωτέρα
1326 3863 1379 3929 τῆς
1396 3856 1478 3944 πρῶ-

413 4060 579 4120 ’Καθήκοντος
588 4058 746 4130 ῥᾳθυμοῦντα]
758 4058 849 4109 Eadem
860 4074 915 4124 syn·
977 4056 1116 4107 *Homerus
1133 4058 1163 4107 ll.
1186 4061 1230 4117 16,
1253 4059 1301 4106 212
1318 4077 1323 4105 :
1343 4054 1381 4113 Ὧς
1399 4059 1421 4106 δ’
1439 4059 1477 4110 ὅτε

381 4140 443 4191 taxis
456 4156 484 4206 p.
500 4142 558 4200 117,
570 4156 598 4189 11.
613 4143 636 4189 l.
941 4146 1021 4200 τοῖχον
1035 4139 1094 4202 ἀνὴρ
1105 4139 1183 4205 ἀράρῃ
1196 4145 1312 4185 πυκινοῖσι
1323 4139 1418 4186 λίθοισιν
1429 4145 1477 4187 Δώ-

414 4216 509 4279 ¹C0d.‚
529 4221 743 4285 καταπροσόμενον.
762 4215 853 4282 Scripsi
872 4236 916 4266 κα·
942 4234 1016 4280 ματος
1028 4215 1123 4278 ὑψηλοῖο
1134 4221 1188 4284 βίοις
1198 4216 1287 4277 ἀνέμων
1303 4216 1418 4265 ἀλεείνων·
1434 4217 1477 4276 Ὣς

381 4301 581 4425 ταφρρησόμενον.
628 4375 644 4423 ι.
755 4383 765 4393 „
805 4373 810 4382 ¹
878 4384 915 4422 et
943 4297 1030 4425 φῖραρον
1051 4294 1144 4362 κόρυθές
1166 4313 1191 4342 τε
1214 4300 1253 4342 καὶ
1280 4295 1375 4352 ἀσπίδες
1395 4297 1477 4364 ὄμφα-

458 4390 487 4425 ac
510 4391 565 4425 com
583 4390 694 4424 aramue
722 4394 780 4424 συων
814 4390 851 4424 am
893 4390 903 4422 s
952 4394 1044 4425 ,οεοσακ

381 4471 449 4507 usus.
460 4454 524 4507 vide
537 4391 643 4521 p.pl26,
659 4470 683 4503 n.
701 4457 721 4502 1.
802 4390 810 4437 J
977 4451 1066 4503 “Confi
1081 4451 1152 4502 Hom.
1166 4463 1190 4502 et
1200 4453 1227 4504 ΙΙ.
1240 4454 1269 4501 23
1280 4491 1286 4509 ,
1299 4455 1358 4579 {Aa
