3684 5659
810 616 969 677 ΜΕΛΕΤΗ
995 604 1048 679 ς’.
1405 616 1475 687 103

381 756 443 817 οίνω
463 751 517 816 καῖ
541 752 626 817 κοίτω
647 747 827 834 σοςοῦντος,
846 751 897 815 καί
918 751 971 820 τὴν
988 753 1142 841 ἀριστείαν
1157 754 1399 845 προτεινομένου,
1422 760 1474 823 καί

380 857 474 935 δήλου
491 867 577 939 ὄντος
594 858 680 927 δεινὰ
696 864 846 940 ποιήσειν,
866 863 891 926 εί
908 863 998 949 νόμος
1015 860 1197 955 ὑπερορᾶται
1215 867 1266 931 καί
1284 872 1338 932 τοῦ
1351 867 1476 960 γε’ρωςὸ

379 971 474 1051 θέλεις
490 972 546 1039 οὐκ
563 969 673 1049 ἀξιοῖι.
692 968 812 1038 Δέδοικε
829 971 882 1043 τὴν
899 975 1032 1064 σφαγήν,
1054 972 1087 1038 οὐ
1105 974 1275 1067 καταγνοὺς
1288 976 1388 1055 ἄλλως
1402 976 1476 1045 έκεί·

377 1106 448 1171 νον,
467 1084 550 1151 ἀλλὰ
567 1079 752 1161 δυςωπηθείς
769 1084 822 1154 τὴν
839 1088 973 1154 αίτησιν.

424 1198 487 1263 Καὶ
505 1194 545 1262 σὺ
565 1193 620 1283 μὲν
635 1194 733 1288 λέγεις
755 1196 797 1271 ὡς
818 1195 913 1271 κακὸς
936 1194 1048 1272 ἐκεῖνος
1069 1198 1121 1261 καί
1143 1200 1241 1287 ἄχθος
1258 1198 1404 1293 ἀρούρης’
1421 1204 1473 1267 καί

375 1312 430 1375 τοῦ
447 1314 504 1399 ζῇν
520 1304 656 1385 οἱνοίξιος.
674 1287 748 1399 Ιίγὼ
763 1303 800 1373 δέ
813 1324 908 1399 ρημι·
928 1342 979 1356 -
994 1308 1047 1372 καί
1071 1318 1209 1375 σκοπεῖτε
1231 1314 1256 1376 εί
1276 1307 1404 1389 δικαίως
1421 1316 1473 1379 καί

376 1421 487 1511 τρόπον
508 1420 560 1486 τὸν
581 1417 696 1485 ἁπλοῦν
717 1418 854 1509 λέγοιμι’
877 1412 924 1495 οἷς
944 1419 1005 1510 γὰρ
1023 1416 1114 1495 αὐτὸς
1131 1415 1257 1497 ἀδήλοις
1272 1430 1387 1513 χρᾶται
1403 1424 1472 1490 κατ’

375 1529 506 1615 σ’κείνον,
520 1532 585 1595 ἔστι
597 1532 735 1621 χρᾶσθαι
750 1530 842 1617 κοῖμοῖ
858 1538 921 1606 τοῖς
941 1529 1085 1605 ἐναντίοις
1102 1527 1174 1621 ὑπὲρ
1195 1529 1308 1597 ἐκείνου
1325 1567 1361 1581 ·-
1381 1534 1474 1611 καλὸς

374 1642 507 1727 ἐκεῖνος,
532 1644 585 1708 καί
609 1650 646 1731 τῇ
674 1636 799 1735 πατρίδι
824 1644 993 1733 χρήσιμος,
1020 1643 1072 1707 καί
1099 1643 1200 1719 εὔνους
1225 1640 1393 1733 τῷδήμῳ,
1420 1648 1472 1711 καί

375 1750 542 1843 δημοτικὸς
557 1763 622 1831 τοῖς
638 1755 773 1845 γείτοσι,
794 1756 846 1820 καί
865 1753 946 1821 ἄλλα
965 1754 1059 1843 μυρία
1075 1754 1159 1819 καλοῖ
1179 1756 1230 1821 καί
1253 1752 1347 1843 μηδὲν
1364 1757 1474 1835 ἀπηνὲς

375 1868 470 1956 ἔχων,
482 1868 537 1933 καὶ
547 1863 631 1944 ἄξιος
643 1870 709 1956 ζῇν.
723 1868 760 1932 Εἰ
778 1863 812 1933 δὲ
829 1871 930 1944 ζητεῖς
944 1862 1036 1944 δεῖξιν
1049 1865 1174 1951 τούτων,
1189 1871 1269 1944 ζητῶ
1281 1870 1370 1961 κάγὼ
1383 1860 1474 1947 δεῖξιν

374 1976 515 2044 ἐκείνων·
539 1979 592 2044 καί
613 1977 900 2068 παραπληκτίσομεν
921 1983 1012 2068 ἄμφω
1031 1973 1293 2055 ἀναποδεικτικοῖς
1312 1982 1473 2073 ἰσχυριζό-

374 2112 474 2177 μενοι.
492 2088 613 2155 Μᾶλλον
628 2085 682 2177 μὲν
704 2080 768 2173 οὖν,
785 2091 811 2155 ιῖ
829 2090 957 2161 σκοποίη
975 2113 1021 2165 τις
1039 2087 1189 2179 ἀκριὸὡς,
1207 2091 1248 2155 τὰ
1260 2095 1313 2156 τοῦ
1329 2091 1474 2185 ἡμετέρου

373 2198 468 2293 λόγου
480 2199 606 2270 πιστὰῆ
619 2200 660 2265 τὰ
671 2205 725 2265 τοῦ
740 2195 829 2266 σοῦ’·
848 2201 901 2265 καῖ
919 2208 1001 2277 πώς;
1018 2179 1090 2291 Ε’Ῑγὼ
1107 2199 1200 2292 λέγω.

424 2284 494 2400 ὅρα
509 2309 545 2375 τὸ
561 2304 756 2399 δικαστήριον
771 2314 877 2375 τοῦτο·
899 2310 930 2373 τί
948 2307 1087 2399 λέγουσιν
1106 2308 1254 2402 ὁσημέραι
1273 2310 1300 2375 οἱ
1316 2309 1472 2403 παριόντες

374 2419 525 2505 σ’ντοιῦθα,
543 2422 597 2486 καί
613 2418 659 2487 ε’πί
677 2422 756 2487 τίσιν
768 2419 969 2487 ἐκκαλοῦνται
983 2416 1053 2494 τοὺς
1068 2414 1236 2502 δικαστοίς;
1256 2418 1301 2485 ὅτι
1318 2420 1411 2486 καλόν
1426 2446 1472 2498 τις

374 2529 493 2606 τούτοις
508 2530 669 2615 πεποίηκε,
690 2529 709 2601 ἡ
726 2538 861 2619 πτωχοῖς
879 2521 963 2595 οὖσιν
979 2526 1154 2618 ἐπήρκεσεν,
1175 2527 1194 2599 ἢ
1215 2525 1396 2605 συνεξέδωκε
1414 2534 1470 2595 θυ-

373 2638 510 2733 γατέρας
523 2638 645 2724 αὐτοῖς,
661 2638 681 2710 ἢ
695 2634 858 2726 δημοτικός
872 2637 937 2704 εὀτι
949 2638 1023 2730 πρὸς
1037 2635 1164 2720 αὐτούς,
1184 2640 1236 2703 καί
1255 2640 1387 2732 χρηστὸς
1401 2637 1472 2716 τοὺς

372 2750 522 2843 τρόπους,
550 2751 603 2815 καί
628 2749 662 2815 τὸ
687 2747 754 2815 ὅλον
778 2749 894 2841 ἀγαθὸς
911 2751 1032 2841 γείτων,
1052 2744 1170 2824 ἀξιοῦσι
1188 2747 1352 2837 λαμὸοῖνειν
1368 2747 1472 2816 αὐτοὶδ

326 2874 332 2889 ’
374 2856 510 2954 δωρεάν;
528 2861 549 2933 ίι
564 2852 679 2949 μᾶλλον
697 2859 742 2927 ὄτι
759 2862 948 2952 περόνενκεν,
963 2861 983 2931 u
997 2862 1144 2950 ἥρπακεν,
1163 2860 1182 2934 ἢ
1199 2861 1323 2938 ἀλαζών
1339 2861 1403 2928 ε’στι
1417 2867 1469 2929 καί

373 2972 549 3066 ὑθριστικὸς
564 2974 638 3066 πρὸς
656 2975 790 3058 πάντας,
809 2973 829 3045 ἢ
846 2974 880 3038 τὸ
897 2975 950 3038 καὶ
968 2973 1001 3038 τὸ
1018 2979 1076 3037 τῶν
1092 2980 1195 3038 κακῶν
1217 2972 1355 3057 ἐποίησε,
1381 2971 1471 3051 δίκας

372 3080 437 3151 δεῖν
453 3083 578 3174 ὑπέχειν
592 3088 710 3169 τοῦτον,
728 3084 782 3149 καί
796 3083 853 3159 τὰς
865 3084 1032 3174 μεγίστας,
1051 3076 1310 3175 διῖσχνρίζονται;
1330 3065 1402 3177 Ιίγὼ
1418 3084 1471 3174 μὲν

373 3188 438 3280 οὖν,
458 3192 564 3283 οἶμαι,
583 3198 686 3260 τοῦτο.
1370 3255 1372 3261 .

421 3282 489 3396 fixe
514 3309 673 3398 τοιγαροῦν
698 3304 749 3368 καί
779 3304 820 3391 μὴ
846 3301 985 3395 θορύέει,
1010 3305 1079 3395 πρίν
1106 3309 1160 3370 τοῦ
1186 3307 1297 3382 παντὸς
1321 3302 1470 3397 διακούσρ

374 3414 482 3509 λόγον.

423 3506 502 3593 ἐλθέ
517 3529 570 3592 καί
589 3525 635 3592 ε’πί
654 3526 705 3592 τὸν
721 3524 845 3596 πολίτην
857 3522 982 3608 ἐκεῖνον,
997 3527 1069 3601 καί,
1089 3524 1129 3599 ὡς
1144 3522 1197 3611 μὲν
1212 3524 1249 3588 σὺ
1263 3523 1377 3616 λέγεις,
1396 3527 1470 3592 τίθει

372 3642 479 3705 τοῦτον
495 3638 604 3722 κακόν,
619 3637 673 3703 καὶ
689 3635 762 3728 πρὸς
777 3638 894 3710 πάντας
911 3630 1021 3727 βαρύν,
1041 3635 1093 3698 καί
1112 3632 1246 3725 ἀσελγῆ,
1266 3636 1317 3701 καί
1337 3639 1472 3729 κακοῦρ-

372 3772 441 3840 γον.
455 3751 508 3825 Τίς
518 3747 682 3840 ε’γκέκληκε
694 3751 799 3812 τοῦτον
813 3744 859 3811 ε’πὶ
877 3741 967 3810 τοῦδε
983 3751 1037 3810 τοῦ
1054 3742 1210 3833 βήματος;
1227 3745 1274 3812 ε’πί
1292 3748 1354 3812 τίσι
1370 3772 1470 3819 κατη-

372 3862 487 3953 γορήθη
507 3859 581 3928 ποτέ
588 3881 598 3942 ;
622 3861 668 3937 τίς
684 3858 778 3925 αὐτοῦ
800 3855 943 3949 κατέγνω
961 3856 1087 3940 κλοπήν,
1113 3858 1157 3933 τίς
1178 3858 1338 3951 ἁρπαγήν;
1365 3860 1412 3934 τίς
1437 3860 1471 3924 τὸ

407 4128 517 4179 ἰΕεοί
534 4128 629 4195 premii
644 4129 711 4196 quod
729 4130 799 4194 cupi·
820 4128 908 4195 diguus
936 4127 1067 4179 proverbia
1094 4126 1210 4187 Mettica,
1234 4128 1293 4188 3⁷7,
1321 4137 1346 4176 ει
1370 4125 1470 4176 Ετιοιιιο

373 4224 423 4259 ποτε
434 4207 536 4259 Ιταλνοτῖε
547 4226 571 4258 ι.
935 4207 1029 4269 Auagiu
1043 4223 1055 4248 ι
1069 4205 1163 4253 tenuris
1175 4220 1235 4254 unus
1247 4223 1276 4267 ι,
1291 4209 1313 4264 1,
1328 4207 1353 4265 ῖ,
1364 4206 1406 4254 31.

406 4284 585 4337 ιΗινωετῖοιιιη
603 4296 640 4337 σοι
657 4284 732 4345 οὕτως
748 4287 820 4351 ἄχθος
833 4287 908 4357 ἀρού-
968 4283 1033 4334 ‘Sic
1056 4281 1144 4331 eudux.
1166 4281 1329 4334 subaudiatur
1350 4283 1382 4335 de
1402 4298 1471 4335 muru

371 4384 428 4431 ρης,
450 4378 483 4415 οι
505 4364 552 4415 od.
578 4365 627 4426 20,
651 4366 714 4424 319,
737 4364 778 4414 ubi
805 4364 906 4430 Dupurt.
935 4360 1076 4413 adverbium
1090 4362 1188 4424 μᾶλλον.

372 4444 486 4497 (inumul.
506 4462 533 4510 p.
555 4446 619 4506 2735
636 4444 728 4495 collato
752 4442 853 4493 Schuuu
877 4441 908 4492 ud
970 4440 1104 4491 ‘Fortasse
1118 4439 1197 4490 αὐτόν.
