3684 5659
371 613 442 684 205
705 623 740 682 F.
767 620 841 682 ΤΟΥ
866 614 1121 681 ΠΑΧΥΜΕΡΟΥΣ

372 758 552 841 κοσμεῖσθαι
576 757 628 821 καὶ
652 755 914 830 καλλωπίζεσθαι·
942 758 967 819 εί
990 749 1020 818 θ’
1044 746 1108 837 οῦν,
1129 752 1197 819 ἀλλ’
1216 752 1250 818 οῦ
1273 752 1371 840 λείψει
1389 753 1461 830 θείς

371 866 422 929 τὸν
436 861 531 953 δῆμον
543 866 767 958 προςαγγελῶν.
787 867 845 929 Καὶ
865 865 966 931 λοιπὸν
981 867 1006 928 εί
1022 862 1075 950 μὲν
1088 863 1162 939 τέως
1179 864 1396 956 φιλανθρώπων
1412 867 1461 930 καὶ

372 973 456 1062 ὑμεῖς
472 986 530 1043 τῶν
547 973 700 1043 δικαστῶν
717 976 845 1065 τύχητε,
870 973 900 1052 ἐξ
919 975 1051 1068 εῦπόρων
1071 978 1233 1066 γενήσεσθε
1252 974 1420 1047 πένησσαι·
1439 980 1463 1041 εἰ

373 1081 407 1150 δὲ
428 1084 590 1163 πολλοίκις1
615 1086 805 1179 ῦπερτερήσει
828 1089 868 1150 τὰ
890 1092 943 1151 τοῦ
969 1085 1040 1151 καθ’
1066 1085 1147 1173 ὑμῶν
1171 1085 1327 1177 λέγοντος,
1353 1088 1384 1151 τί
1407 1087 1464 1177 χρή

925 1178 932 1199 ι

372 1201 479 1263 παθεῖν
497 1197 577 1286 ὑμας
595 1197 770 1290 λογίζεσθαι
789 1195 890 1276 ἄξιονς
911 1202 952 1272 Ως
969 1200 1065 1287 ἔγωγε
1082 1194 1135 1283 μὲν
1152 1199 1310 1287 ἀγνοοῦσα
1326 1195 1397 1273 τοῦς
1413 1199 1465 1262 νό·

373 1333 447 1394 μους
460 1318 655 1400 καταφρονεῖν
669 1304 777 1393 ἔδοξα,
793 1311 854 1373 κάκ
870 1313 922 1372 τοῦ
937 1316 1129 1399 παραχρῆμα
1145 1307 1295 1379 κατέστην
1313 1311 1356 1383 εἰς
1374 1311 1465 1397 ἔσχα-

373 1443 423 1483 τον
443 1415 592 1504 κίνδυνον,
615 1420 667 1484 καὶ
690 1418 762 1508 τάχ’
787 1420 823 1483 ἂν
848 1421 899 1484 καί
924 1428 978 1493 τῆς
999 1417 1169 1509 ἐλευθερίας
1192 1417 1286 1494 αὐτῆς
1308 1417 1466 1509 ἐστερήθον

373 1534 426 1593 τοῦ
445 1530 604 1617 σώματος,
630 1534 655 1594 εἰ
677 1533 718 1617 μή
737 1532 782 1606 τίς
799 1555 835 1618 με
854 1540 947 1621 μοῖρα
963 1530 1110 1620 προςηνής
1130 1529 1272 1619 περιέσχε
1295 1533 1383 1622 παρὰ
1406 1539 1466 1607 τοῖς

373 1643 525 1731 κρίνουσι,
544 1644 598 1706 καί
614 1666 691 1706 τισιν
708 1637 799 1717 ἔδοξα
815 1642 995 1732 συγγνώμης
1019 1639 1128 1731 ε’γγῦς,
1150 1640 1198 1714 ὡς’
1211 1637 1242 1716 ἐξ
1265 1642 1395 1732 ἀγνοίας
1414 1643 1465 1706 καί

374 1752 415 1838 μή
432 1755 681 1844 καταφρονήσεως
697 1752 959 1840 πλημμελήσασα·
980 1745 1263 1838 ῦμεῖςθέ-ἀλλά
1281 1753 1312 1815 τί
1328 1751 1360 1842 γ’
1378 1751 1466 1842 ε’ρεῖτε

373 1862 462 1946 τότε,
499 1861 549 1950 ἐμὲ
583 1861 635 1949 μὲν
666 1858 788 1926 ίθοῦσαι
824 1864 1000 1944 παθοῦσαν,
1035 1861 1085 1925 τὸν
1121 1856 1156 1925 δὲ
1190 1861 1281 1950 νόμον
1314 1862 1466 1948 μαθοῦσαι

374 1971 420 2038 ἐπ’
439 1971 616 2063 αμφιθόλοις
632 1975 764 2059 κείμενον
781 1975 823 2046 εἰς
841 1968 982 2063 ἐξήγησιν
998 1996 1033 2050 »;

423 2064 507 2147 Ᾰλλολ
526 2082 600 2173 πρὸς
622 2080 674 2169 μὲν
699 2081 814 2156 ἐκείνας
835 2089 893 2145 τῶν
917 2081 1030 2157 ἐκείνης
1052 2083 1141 2158 οίλις·
1162 2082 1236 2174 πρὸς
1256 2078 1287 2146 θ’
1307 2080 1390 2170 ὑμᾶς
1411 2081 1468 2174 ἐγὼ

375 2191 439 2257 ἀντ’
459 2191 571 2269 ἐκείνης
589 2189 701 2284 βραχέ’
719 2199 798 2258 οίττα
816 2189 921 2273 λέξας,
942 2191 1028 2268 εῦθῦς
1044 2192 1278 2281 καταθήσομαι.
1383 2187 1386 2194 ’

408 2490 540 2550 ’Πολλάκις
556 2507 603 2558 pro
622 2497 703 2557 τυχόν,
723 2494 789 2552 ἴσως,
812 2491 908 2542 videtur
933 2491 980 2556 ipsi
988 2491 1031 2542 tibi
1042 2507 1150 2541 amorem
1159 2489 1256 2541 exhibui
1269 2509 1293 2540 ι.
1303 2489 1431 2540 Lucretius
1440 2487 1469 2539 de

374 2571 534 2635 capiendum,
553 2588 624 2637 quam
641 2571 841 2636 significationem
858 2569 907 2634 jam
933 2569 1074 2619 morborum
1083 2571 1191 2633 origine,
1204 2571 1233 2627 6,
1247 2571 1310 2618 1098
1322 2589 1329 2618 ι
1343 2588 1355 2614 ι
1369 2577 1411 2617 aut
1420 2569 1470 2633 ipsa

374 2648 531 2699 animadverti
542 2667 567 2714 p.
581 2653 629 2712 to,
643 2667 670 2699 n.
683 2653 697 2700 2
705 2670 712 2710 ;
729 2659 801 2714 atque
818 2648 907 2698 redibit
933 2663 999 2712 saepe
1013 2661 1097 2698 coorta
1111 2649 1146 2696 lle
1160 2659 1223 2698 terra
1237 2658 1341 2712 surgunt
1353 2667 1382 2706 »3
1396 2647 1437 2697 ubi
1451 2647 1469 2694 ei

374 2727 556 2777 Declamatione
565 2729 624 2787 llll,
637 2729 660 2777 ni
673 2728 751 2778 fallor.
763 2729 815 2776 Non
826 2743 908 2793 prem·
934 2726 1076 2776 adverbium
1089 2726 1113 2774 in
1128 2742 1200 2776 sensu
1214 2727 1374 2777 dubitationis
1386 2726 1471 2790 capie-

374 2815 430 2869 ptus
453 2821 506 2853 sum
529 2805 553 2854 in
575 2805 618 2855 illo
642 2821 716 2854 seusu
742 2803 906 2863 admittendo;
935 2815 983 2863 tur,
999 2805 1086 2853 melius
1101 2805 1197 2870 quidem
1213 2819 1269 2853 eum
1285 2815 1361 2870 poeta
1378 2814 1470 2868 agatur.

374 2882 435 2930 adeo
448 2884 494 2946 ipsi
507 2893 599 2932 natura
616 2883 725 2932 adverbii
743 2886 853 2938 πολλάκις
865 2898 908 2931 re-
934 2899 1007 2948 quam
1026 2883 1045 2931 si
1068 2893 1173 2932 mutetur
1195 2884 1219 2931 iu
1241 2882 1348 2931 ablativo
1368 2881 1471 2931 nominis

372 2970 474 3024 pugnat.
488 2962 515 3010 ln
533 2962 588 3009 leco
606 2961 680 3011 nobili
698 2961 862 3026 Thucydidis,
877 2963 907 3022 θ,
936 2978 1026 3026 «saepe
1039 2982 1066 3022 ν,
1087 2962 1152 3027 quod
1176 2977 1225 3010 non
1248 2962 1340 3010 nemini
1360 2961 1427 3010 venit
1448 2961 1470 3008 iu

375 3042 420 3099 13,
440 3040 544 3089 Pericles
569 3041 720 3098 ὑποτοπήσας
743 3051 855 3089 narratur
874 3049 907 3104 μὴ
935 3051 1041 3090 mentem
1051 3062 1056 3097 ;
1068 3041 1112 3089 sed
1123 3040 1292 3089 nihilomnino
1303 3040 1472 3105 impeditquo·

372 3115 510 3185 Ἀρχιθαμος
526 3125 579 3176 τοὺς
602 3123 686 3187 ἀγροὺς
706 3120 777 3169 αὐτοῦ
798 3122 908 3176 πολλάκις
935 3120 1014 3167 minus
1026 3119 1090 3168 idem
1101 3134 1129 3167 ac
1143 3119 1322 3184 «frequentem
1336 3118 1424 3168 valeat.
1437 3117 1471 3167 Ex

373 3200 506 3266 παραλίπῃ.
519 3199 563 3259 Qui
580 3202 690 3254 πολλάκις
703 3198 906 3247 Ιεῑίιιοοίοτῑεν
934 3198 1048 3247 Lucretio
1076 3199 1170 3247 videtur
1196 3198 1332 3262 profecisse
1361 3197 1472 3262 Virgilius

375 3286 533 3335 convertunt,
553 3278 699 3342 interpretes
718 3277 792 3326 hodie
821 3277 909 3341 opinor
936 3277 1012 3325 nobili
1024 3277 1223 3341 comparatione:
1235 3295 1246 3321 κ
1257 3277 1292 3325 Ac
1302 3277 1376 3326 veluti
1387 3292 1471 3341 magne

374 3354 458 3418 paucis
467 3370 493 3403 se
503 3355 607 3420 probare
617 3355 762 3413 lectoribus3
776 3354 849 3421 idque
860 3371 908 3404 non
936 3355 960 3402 in
975 3355 1067 3419 populo
1082 3371 1154 3418 quum
1170 3370 1235 3418 sepe
1250 3366 1334 3404 coorta
1350 3365 1387 3403 est
1402 3354 1473 3404 Sedi-

374 3433 505 3482 immerito.
517 3435 591 3492 Nam,
608 3434 752 3500 Thucydide
769 3444 845 3496 teste,
860 3449 908 3482 non
935 3434 968 3481 tio
982 3452 1002 3481 r.
1018 3432 1044 3480 ln
1057 3449 1105 3497 quo
1117 3448 1187 3481 versu
1200 3451 1211 3476 a
1223 3449 1289 3497 sepe
1303 3453 1315 3477 ν
1330 3443 1387 3498 post
1398 3431 1472 3482 Abre-

374 3511 476 3560 lortuitu
490 3523 545 3575 aget
561 3513 722 3563 Archidamus
733 3551 739 3573 ,
752 3512 821 3570 sede
841 3513 910 3568 αὐτὸς
935 3511 1029 3560 echium
1044 3511 1088 3560 viri
1104 3511 1169 3559 docti
1184 3511 1282 3575 plurimi
1299 3528 1346 3575 pro
1360 3530 1372 3554 ι
1385 3511 1471 3561 furter

376 3591 425 3654 ἰδία
442 3595 577 3659 βουλόμενος
589 3596 743 3658 χαρίζεσθαι,
754 3596 768 3648 ἢ
780 3598 819 3639 καὶ
830 3596 909 3640 Λακε-
934 3590 1087 3648 habuerunt,
1106 3589 1156 3638 ulla
1174 3590 1228 3637 sine
1250 3588 1414 3650 necessitate,
1434 3590 1473 3656 qui

376 3670 502 3732 δαιμονίων
519 3675 682 3720 κελευσάντων.
697 3671 727 3718 Et
741 3670 765 3717 in
783 3686 812 3719 ea
825 3669 909 3717 Plato·
936 3686 984 3718 non
997 3669 1138 3732 cogitabant
1150 3668 1181 3716 de
1194 3678 1313 3732 sequente
1328 3684 1417 3728 versu,
1431 3687 1442 3713 κ
1455 3669 1473 3716 si

375 3747 412 3795 nis
421 3748 540 3796 sententia
548 3765 595 3812 qua
604 3765 661 3797 usus
671 3763 785 3812 sumpag.
796 3747 910 3804 citarat-
935 3748 998 3797 lerte
1019 3749 1096 3795 virum
1116 3762 1188 3811 quern
1210 3747 1369 3809 Conspexere
1386 3765 1410 3796 ι.
1428 3748 1474 3797 lllis

374 3829 439 3881 λάκις
453 3826 543 3889 poterit
557 3826 630 3873 etiam
644 3825 821 3888 significatione
837 3824 910 3872 intel·
936 3826 1082 3875 contradixit
1093 3824 1211 3874 Goellerus
1221 3823 1337 3873 ad'lhuc.
1349 3825 1379 3880 l.;
1388 3835 1413 3873 et
1423 3841 1476 3874 rer·

374 3904 415 3968 ligi
429 3903 510 3952 solita.
526 3903 686 3961 Heliodorus,
703 3906 726 3963 l,
744 3903 772 3951 10
789 3922 795 3950 ι
812 3908 910 3960 ὀκοινὸς
937 3922 989 3954 sum
1012 3914 1079 3953 reete
1100 3905 1274 3968 interpretatus
1297 3915 1335 3952 est
1356 3903 1474 3969 lleyniue.

374 3989 439 4047 ἡμῶν
451 3991 515 4040 παῖς,
528 3984 553 4032 ‘dr
564 3985 607 4045 ἐγὼ
618 3986 685 4031 πλέον
697 3988 738 4030 καὶ
750 3987 789 4031 τοῦ
800 3986 910 4038 πολλάκις
937 3984 977 4032 Sic
995 4002 1005 4027 ι
1018 3999 1083 4048 σιεγε
1099 4002 1111 4027 »
1130 3993 1155 4030 et
1170 4001 1182 4026 ι
1198 3982 1262 4030 sorte
1275 4001 1287 4026 ν
1306 3998 1333 4030 se
1352 3984 1476 4047 excipiunt

375 4065 499 4124 ἠγάπησα·
515 4076 611 4126 «quein
626 4061 727 4109 fortasse
741 4060 818 4124 magis
832 4070 856 4108 te
868 4061 910 4108 di·
936 4062 993 4111 AEu.
1012 4064 1056 4123 10,
1075 4065 1122 4110 tae
1136 4081 1143 4110 ι
1159 4080 1170 4104 τ
1185 4061 1305 4124 lmpastus
1319 4061 1415 4110 stabula
1430 4062 1475 4110 alta

374 4139 421 4187 leri
436 4158 457 4189 κ,
471 4139 496 4188 Si
508 4141 561 4204 quis
573 4140 606 4187 ita
618 4149 784 4197 converteret,
799 4155 909 4203 personae
936 4141 976 4188 leo
990 4156 1033 4188 seu
1048 4156 1113 4204 saepe
1131 4155 1279 4203 peragrans,
1300 4139 1393 4187 Suadet
1412 4141 1474 4189 enim

375 4217 472 4282 quidem
496 4217 591 4267 diceret
612 4218 795 4278 convenientia;
819 4218 862 4266 sed
886 4227 911 4267 et
937 4234 1025 4266 vesana
1046 4220 1135 4275 lames3
1155 4217 1175 4266 si
1197 4218 1260 4266 lortc
1281 4217 1393 4280 fugacem
1411 4219 1476 4266 Con·

375 4293 455 4342 verbis
470 4297 553 4357 graecis
563 4296 775 4356 convenientiora,
789 4298 808 4345 si
824 4296 911 4345 adver·
938 4296 1018 4359 sperit
1027 4311 1140 4360 capream
1149 4306 1190 4344 aut
1202 4305 1342 4358 surgentem
1353 4295 1376 4343 in
1386 4311 1475 4344 cernua

376 4372 416 4421 bio
430 4375 555 4432 πολλάκις,
569 4383 595 4421 ut
607 4375 683 4433 solet,
699 4374 836 4432 intellecto,
852 4373 912 4423 red·
938 4389 1035 4422 certum
1045 4412 1051 4433 ‚
1062 4374 1157 4423 Gaudet
1169 4393 1190 4423 ν.
1203 4374 1232 4422 Et
1244 4373 1277 4421 ibi
1290 4389 1409 4437 nonopus
1419 4383 1474 4421 esta

377 4451 461 4500 deret:
475 4469 487 4494 ι
499 4451 536 4499 cui
549 4467 615 4515 saepe
628 4452 744 4516 majorem
755 4455 827 4504 etiam
839 4468 911 4518 quam
938 4451 1029 4515 vulgari
1043 4452 1150 4502 adverbii
1162 4451 1338 4516 significatione
1349 4451 1473 4501 recedere.
