3684 5659
373 642 444 713 tlt
714 649 749 707 Γ.
778 648 852 707 ΤΟΥ
877 644 1132 706 ΠΑΧΥΜΕΡΟΥΣ

371 782 591 875 οὶσύγκλωστα1
614 786 685 868 καί,
706 784 762 874 πρὸ
779 788 832 846 τοῦ
849 778 963 857 δεῖξαι’
978 782 1012 846 τὸ
1034 781 1103 867 ἐμὸν
1124 786 1253 869 πρᾶγμα
1276 780 1469 867 παράνομον,

372 891 472 970 αὔξειν
496 894 622 977 ἐθέλεις,
652 895 704 957 καὶ
732 900 793 956 ἅνω
818 889 921 956 κότωΒ
939 893 989 955 τόν
1012 897 1119 976 ἄτιμον
1143 888 1256 978 λέγεις,
1280 889 1331 951 τὸν
1357 883 1473 970 βουλῆς

371 1014 472 1080 κοινῆς
497 1014 560 1079 τοῖς
582 1006 686 1091 νόμοις
709 1005 892 1093 εἰργόμενον,
916 1003 967 1067 τὸν
988 996 1122 1074 ἀναιδῶς
1149 998 1255 1063 ἑαυτὸν
1278 994 1473 1062 συνωθοῦντα

372 1117 423 1179 καὶ
442 1114 651 1204 σνμμιμνόντα
667 1123 730 1187 τοῖς
745 1112 848 1186 ἄλλοις
865 1106 911 1187 οἷς
925 1112 1044 1199 μέτεστι
1058 1118 1111 1184 τῆς
1124 1104 1280 1200 παρόδου,
1300 1109 1354 1172 καὶ
1371 1112 1471 1171 ταῦτα

371 1225 587 1310 συνισταμένης
609 1232 662 1298 τῆς
685 1223 854 1305 πολιτείας,
874 1224 926 1286 καὶ
947 1230 1005 1285 τῶν
1022 1222 1120 1306 νόμων
1137 1220 1172 1283 τό
1191 1220 1303 1307 κράτος
1321 1216 1467 1304 ἐχόντων,

372 1337 424 1398 καὶ
445 1336 536 1425 ζήλου
554 1335 711 1425 προςόντος
725 1342 788 1408 τοῖς
803 1332 942 1408 πολίταις
956 1332 1095 1397 παλαιῶν
1110 1329 1185 1394 ε’θὼν
1201 1336 1253 1392 καὶ
1269 1331 1470 1414 νομίμωντής

371 1445 504 1520 πόλεωςς
524 1472 537 1499 ν
552 1425 669 1508 Ᾰνεκτόι
682 1449 780 1508 ταῦτα
791 1467 825 1519 »3
841 1442 955 1532 λέγεις·
973 1467 988 1499 κ
1002 1443 1036 1506 τὸ
1049 1439 1120 1514 τοὺς
1133 1441 1241 1525 νόμους
1253 1441 1467 1529 παρορᾶσθαι;

372 1555 405 1618 τό
428 1565 613 1644 παρανομεῖν
634 1551 759 1626 ἀνέδην*
776 1553 845 1628 τοὺς
868 1553 1026 1632 θέλοντας,
1049 1552 1083 1615 τὸ
1100 1559 1299 1640 καταφρονεῖν
1315 1546 1418 1635 ipim
1436 1550 1468 1612 τό

405 1787 413 1813 ¹
427 1787 455 1836 ld
467 1787 622 1854 proverbium
633 1787 794 1852 praecedentis
805 1801 903 1835 sensum
930 1794 969 1833 est
979 1784 1089 1849 gravim,
1100 1794 1253 1852 ποινητῆρος,
1268 1798 1315 1846 pro
1326 1782 1406 1831 nitida
1421 1797 1466 1831 co-

372 1865 444 1914 etiam
464 1867 557 1930 aperit3
569 1881 649 1931 eoque
666 1865 750 1922 utitur,
762 1875 790 1914 ut
806 1865 906 1913 alterum
934 1862 995 1911 dieis
1005 1863 1111 1912 lectione
1124 1866 1274 1917 ποινηλάτου.
1285 1861 1395 1926 Symeon
1403 1861 1467 1911 Sethi

374 1941 439 2004 apud
452 1943 583 1991 Aristotem
597 1941 717 2006 explicet,
729 1942 869 2006 Simplicius
883 1942 906 1989 in
935 1940 1028 1990 lchnel.
1040 1957 1065 2004 p.
1084 1943 1114 1988 12
1130 1959 1136 1989 :
1148 1946 1223 1990 παῦσε
1235 1935 1273 1990 οἷον
1289 1951 1336 1989 τῶν
1348 1944 1466 1990 τοιοῦτον.

372 2019 603 2069 Heindorliinotal.
616 2021 907 2082 1.;τὰσῦσυγκλὼθεσθαι
935 2019 987 2067 lmo
1013 2024 1115 2076 παῦσαι,
1141 2029 1169 2067 ιιι
1193 2018 1314 2082 seriptum
1339 2027 1408 2066 reete
1434 2028 1468 2067 est

373 2102 491 2164 πεφυκότα
518 2101 667 2160 σνγκλώθειν.
694 2098 810 2164 Synesius
835 2114 906 2162 quam
935 2112 977 2162 pp.
993 2097 1114 2158 110,336
1130 2103 1237 2146 ιπαῦσαι
1257 2102 1300 2145 τοῦ
1320 2099 1401 2163 λήρου.
1422 2095 1466 2144 Sed

373 2176 609 2241 prudenter!Epist.
623 2178 908 2241 51,ρ.198ιπολιτικὴν
935 2174 1104 2238 Christopulus
1136 2173 1293 2238 grammatice
1324 2173 1416 2222 cecinit
1441 2188 1466 2220 ac

374 2257 457 2322 ἀρετὴν
466 2258 575 2323 ἱερωσῦνῃ
586 2261 710 2305 συνάπτειν
720 2263 746 2304 τὸ
755 2257 849 2304 κλώθειν
859 2256 907 2303 ἐστὶ
935 2253 1031 2316 poetice
1042 2273 1048 2300 ε
1062 2250 1169 2319 Ἐρωτα.
1181 2259 1270 2313 παῦσε,
1281 2253 1310 2302 ἄν
1324 2255 1352 2316 μ’
1364 2255 1466 2317 ἀγαπᾷς.

374 2340 406 2382 τὰ
422 2335 582 2395 ἀσύγκλωστοι.
934 2330 1466 2394 NamimperativiaOtistilormattetlvattoeies·

407 2409 523 2461 ’Schol.:
536 2410 773 2477 aaltxdrnclladcm
784 2411 908 2461 annotatio
936 2425 1000 2458 nunc
1011 2419 1048 2458 est
1058 2410 1174 2473 legitima.
1184 2409 1309 2459 Piccolus:
1318 2414 1466 2461 Παῦσεπλὲοι
1530 2438 1532 2442 -

373 2488 509 2550 rhetorica,
524 2506 596 2554 quam
606 2489 710 2538 vidimus
722 2505 750 2539 ac
762 2488 907 2549 videbimus,
934 2497 980 2552 μὴν
994 2501 1071 2558 ποιῇς.
1085 2490 1187 2538 Lazaras
1202 2484 1273 2537 :itll'
1290 2489 1396 2540 ὅπωσοῦν
1410 2493 1467 2546 ἡού-

373 2567 486 2632 adposita
502 2580 538 2617 est
551 2569 638 2617 huicce
655 2567 749 2617 Libanii
767 2568 822 2617 loco
835 2578 852 2617 t.
865 2567 906 2626 tV,
935 2587 1010 2631 χαπε,
1025 2574 1098 2617 παῦσε
1113 2571 1194 2634 ὄρνιν,
1209 2575 1243 2630 μὴ
1258 2573 1355 2635 τρέχρς.
1373 2568 1464 2624 Νοειετ,

374 2663 399 2709 p.
415 2648 537 2710 63λεὲγὼ
550 2649 574 2697 δὲ
589 2655 628 2697 καὶ
641 2658 690 2705 τοῖς
702 2650 825 2715 ὀνείρασιν,
836 2650 866 2697 ὧν
881 2649 905 2695 αἱ
934 2665 961 2713 p.
980 2651 1023 2708 73,
1040 2653 1074 2700 6:
1092 2655 1152 2700 παῦε
1174 2659 1215 2704 τῆς
1234 2649 1318 2714 ipsit,
1337 2646 1404 2713 quod
1422 2661 1465 2712 pto

374 2723 509 2787 ὑποσχέσεις
520 2732 621 2788 μάταιοι
639 2728 704 2781 δίκην
716 2728 794 2782 ἥδιστ’
808 2728 835 2775 to
848 2726 906 2774 ἕλοι-
934 2729 1010 2776 παὺου
1019 2728 1134 2792 acpotios
1142 2725 1339 2782 rationedictum
1347 2734 1385 2774 est
1393 2722 1465 2788 probe

374 2821 415 2864 χον
428 2806 524 2869 plote-ns.
544 2803 628 2851 Codex
647 2809 765 2866 μάταιαι,
786 2803 906 2851 electione
934 2814 959 2852 et
977 2805 1124 2869 optimorum
1138 2814 1263 2853 auctorum
1279 2802 1404 2866 exemplo.
1420 2802 1465 2850 Ba-

369 2879 445 2926 ·valde
465 2880 574 2944 ancipiti.
591 2880 690 2929 Polemo
708 2881 801 2944 Cyneg.
817 2879 834 2944 §
851 2882 903 2928 at:
934 2881 1017 2942 brius,
1034 2885 1078 2942 28,
1094 2885 1127 2932 8:
1143 2890 1213 2933 παῦε.
1231 2881 1409 2945 Aristophanes
1421 2883 1462 2928 Αν.

372 2954 391 3006 a
405 2962 654 3023 χειρεςιιιρπιιιιπι.
666 2957 749 3006 Codex
764 2961 838 3016 sert,
852 2966 907 3006 nta-
938 2963 1132 3011 mammem-,2
1142 2966 1332 3029 ,αριιςμάτωρ
1342 2958 1463 3008 ubissect.

370 3041 493 3101 ριιθώνιοι.
511 3035 630 3083 Planudes
648 3035 741 3083 Boethii
755 3035 906 3084 Carminibus
934 3048 958 3086 et
972 3038 1082 3103 Bergler.
1099 3039 1166 3088 idem
1183 3039 1245 3104 qu.
1263 3040 1310 3086 919
1323 3057 1328 3085 :
1339 3034 1403 3104 Ἀνὴρ
1417 3059 1464 3086 πκ-

370 3115 387 3178 §
408 3116 438 3161 98
449 3135 455 3162 ι
466 3122 514 3163 Καὶ
531 3122 629 3181 κορυρὴν
646 3122 750 3187 ζείουσαν
767 3109 796 3161 αὖ
816 3117 906 3180 αἰθέρος
934 3122 1030 3183 ρλόιζει,
1043 3125 1116 3176 παῦε,
1130 3120 1196 3176 παῦ’,
1209 3117 1336 3184 ὑπερζέων.
1347 3116 1400 3165 Non
1412 3131 1464 3162 vet·-

372 3191 445 3261 Ῥυμῇ
456 3198 496 3260 θοῇ
509 3199 664 3259 παρέρχεται.
676 3192 756 3240 lnveni
769 3197 812 3259 θοῷ
827 3193 852 3240 in
864 3208 906 3240 co·
935 3195 1033 3244 tendum
1043 3208 1102 3261 puto
1115 3194 1203 3253 «seda,
1214 3195 1273 3243 seda
1282 3212 1305 3253 ε,
1315 3193 1360 3242 sed
1369 3213 1381 3236 κ
1391 3209 1464 3245 cessa.

372 3270 428 3319 dice
439 3271 512 3320 2094.
523 3270 610 3335 Utique
622 3275 662 3340 θοῇ
671 3270 747 3334 magis
757 3270 787 3318 ad
798 3281 904 3319 veterum
935 3289 1003 3322 cessa
1017 3293 1045 3332 ι,
1061 3275 1151 3322 dictum
1166 3273 1189 3320 in
1205 3272 1346 3336 parenthesi
1358 3271 1390 3320 ad
1399 3271 1466 3319 Cleo·

373 3349 512 3413 exemplum
528 3360 653 3413 poetarum
673 3349 798 3412 scripserit
814 3349 907 3398 Planu-
935 3367 1005 3410 nem,
1018 3362 1085 3400 recte
1096 3361 1211 3400 monente
1223 3349 1325 3410 Bothio;
1339 3349 1465 3414 etjungen·

373 3427 426 3476 des.
448 3429 476 3477 ln
493 3430 572 3493 primo
599 3427 670 3492 hujus
689 3428 802 3477 carminis
820 3444 905 3489 versu,
935 3429 992 3478 dum
1003 3431 1105 3478 sortasse
1115 3432 1170 3478 παῦ’
1183 3429 1310 3494 ὑπερζέων,
1323 3440 1349 3476 ut
1360 3428 1465 3493 εἰιῦπερ-
1495 3457 1497 3464 1

372 3509 426 3556 Εἰσὶ
437 3514 482 3574 γὰρ
499 3511 619 3557 ὠκύταται
636 3513 746 3574 πτέρυγες
761 3509 815 3570 ἐμοί
823 3545 829 3566 ,
841 3507 907 3555 inve·
934 3514 991 3568 ζέων
1004 3523 1077 3555 sensu
1091 3507 1169 3556 activo
1186 3507 1302 3569 positum.
1316 3504 1358 3553 Sic
1375 3505 1399 3553 in
1418 3504 1465 3568 Cy-

374 3585 410 3633 nit
430 3585 532 3636 Weber.
554 3589 684 3648 ὠκῦτατοι,
704 3601 750 3649 ego
771 3589 903 3644 ὠκύταται,
934 3586 1022 3649 clope,
1042 3586 1106 3632 391:
1123 3587 1200 3638 λε’ῦητ’
1220 3586 1325 3644 ἐπέζεσεν
1341 3590 1408 3649 πυρί.
1425 3581 1466 3629 Ba·

377 3663 443 3726 quod
458 3663 644 3726 praeferendum.
934 3662 1014 3722 brius,
1028 3663 1073 3719 95,
1088 3663 1135 3711 60:
1151 3666 1215 3718 Χολὴ
1230 3663 1250 3710 δ’
1266 3663 1343 3722 ἐπέξει
1360 3661 1464 3727 καρδίην.

369 3777 371 3782 .
406 3740 460 3788 ³be
473 3743 519 3790 ἅνω
531 3763 551 3790 κ.
569 3748 632 3791 κάτω
645 3747 718 3806 λέγειν
731 3759 755 3806 p.
770 3743 813 3798 13,
827 3757 852 3789 ιι.
863 3741 889 3789 l.
935 3740 1124 3804 hcsaepeverba
1133 3751 1218 3789 neutra
1227 3741 1306 3788 activa
1315 3754 1390 3788 sensu
1400 3741 1465 3787 lium.

407 3818 418 3844 ⁴
432 3818 531 3878 Codex,
558 3823 654 3881 ἀνέδην,
672 3819 838 3885 superscripto
857 3840 905 3869 ναι,
934 3819 972 3868 dd
988 3819 1129 3873 Philoctetae
1140 3835 1162 3868 v.
1181 3821 1257 3879 1269,
1272 3826 1345 3876 παῦε,
1358 3827 1392 3881 μὴ
1404 3821 1466 3884 λέξῃς

375 3898 510 3947 Similitudo
521 3900 572 3946 soni
586 3910 728 3963 perpetuam
739 3899 834 3962 peperit
849 3899 906 3948 illo·
934 3907 1006 3966 πέρα,
1014 3897 1050 3946 vir
1060 3897 1084 3946 d.
1098 3899 1222 3946 annotavit
1233 3897 1331 3945 eodiees
1340 3896 1466 3945 nonnullos

374 3993 426 4026 rum
445 3977 618 4026 vocabulorum
631 3987 655 4026 et
671 3978 772 4026 aliorum
785 3977 907 4040 plurimo·
935 3976 1052 4026 exhihere
1062 3983 1151 4025 παῦσαι
1160 4013 1166 4035 ,
1176 3975 1241 4041 quod
1251 3974 1409 4039 grammatica
1418 3991 1468 4039 qur-

375 4073 427 4104 rum
443 4058 618 4105 contusionem.
641 4055 817 4116 Rachelortus‚
832 4073 905 4120 quum
935 4055 989 4104 dem
1004 4055 1111 4104 severior
1128 4055 1251 4118 postulat,
1267 4055 1369 4102 metrica
1388 4062 1466 4101 autern

375 4132 458 4181 ederet
472 4135 562 4198 primus
579 4135 703 4199 AEsopiam
717 4134 833 4192 fabulam,
853 4153 906 4200 quae
935 4134 1081 4182 necessitate
1106 4132 1237 4197 respuitur,
1256 4131 1330 4196 idque
1353 4146 1467 4179 nonnun-

375 4211 398 4255 in
413 4209 539 4275 Corayana
553 4222 590 4261 est
607 4213 666 4272 163,
682 4222 805 4276 repertum
818 4212 905 4281 ὑρῆψαι
934 4228 1006 4276 quam
1019 4212 1123 4261 lieentia>
1134 4221 1248 4259 sumtum.
1260 4208 1310 4257 Sed
1322 4225 1396 4273 prosa
1411 4223 1468 4256 ota·

374 4294 440 4332 recte
462 4290 561 4338 mutavit
574 4291 598 4338 in
617 4290 705 4358 ῦρνῑρε,
721 4290 810 4339 ibidem
826 4291 905 4339 indili·
934 4292 968 4338 tio
978 4327 984 4349 ,
994 4306 1065 4355 quam
1080 4291 1146 4353 leges
1159 4288 1265 4337 metricae
1276 4302 1324 4336 non
1339 4296 1466 4350 premunt,

375 4371 459 4424 genter
473 4365 590 4416 exhibens
609 4372 737 4427 ἀλώπεκει,
753 4385 825 4433 quum
843 4379 906 4419 osset
934 4361 1465 4432 exiameuoenonretugitetatoehaedroge:

375 4441 476 4490 ἀλώπεκι
496 4443 518 4489 in
538 4445 637 4504 codice,
649 4458 691 4509 vet,
709 4447 774 4509 quod
792 4446 905 4496 mendum
934 4441 1465 4505 auteubiHeindorfetdst.LueianusNigr.
