3684 5659
371 610 441 680 182
707 620 742 677 Γ.
770 619 844 678 ΤΟΥ
868 614 1124 677 ΠΑΧΥΜΕΡΟΥΣ

370 747 522 835 βουλεύειν
535 751 574 813 τόι
587 752 739 839 χρήσιμα,
753 752 806 813 καί
820 746 914 836 μηδὲν
929 751 1050 842 ὁριστὰς
1063 752 1143 835 ἔχειν
1154 746 1189 812 σε’
1199 770 1231 811 τε
1243 748 1395 829 κάκεῖνον,
1407 749 1455 811 καί

371 861 461 926 ἄλλον
478 853 582 944 αὖθις,
601 865 654 924 τοῦ
670 869 734 936 πῶς
752 860 873 951 ὠφελεῖν
891 863 942 925 καὶ
959 859 1029 924 καθ’
1049 859 1148 925 ὅντινα
1165 859 1272 949 τρόπον
1289 852 1350 922 δεῖ.
1371 837 1396 924 ld
1413 860 1457 923 σοί

371 971 423 1059 μὲν
441 970 536 1049 ἔξεστι
554 975 606 1037 καί
625 971 787 1062 λέγεινκαὶ
805 975 995 1063 κατακρίνειν
1016 971 1180 1054 ὁντιναοῦν,
1204 968 1287 1056 ἄλλῳ
1308 963 1339 1032 δ’
1358 963 1458 1039 σῦκόν

372 1082 481 1173 λέγειν,
502 1081 555 1148 οῦκ
573 1085 615 1156 εἰς
629 1081 768 1172 ἐπήρειαν
784 1083 926 1166 πολιτῶν,
946 1082 1013 1148 ἀλλ’
1032 1086 1074 1157 εἰς
1091 1082 1207 1173 ἀγαθὸν
1223 1089 1277 1156 τῆς
1292 1079 1424 1162 πόλεως,

421 1173 493 1283 E'yh
511 1190 563 1280 μὲν
581 1185 645 1274 οῦν,
665 1188 731 1256 οὐδ’
749 1193 786 1255 διν
803 1191 890 1256 ἄλλοι
907 1193 1026 1268 πλείους
1041 1191 1060 1262 ἦ
1082 1191 1120 1256 σύ
1140 1215 1175 1281 χε
1191 1189 1351 1274 κωλύωσι,
1371 1192 1459 1280 σιγή·

373 1325 466 1388 σομαι
482 1304 618 1386 πώποτε,
636 1303 699 1366 ἔστ’
717 1304 753 1366 όιν
770 1302 891 1381 ἡπόλις
907 1303 979 1394 ρέρρ
994 1299 1046 1390 με1
1063 1307 1174 1385 ζῶντα,
1191 1303 1244 1366 καὶ
1262 1309 1321 1365 τῶν
1336 1299 1461 1367 πολιτῶν

372 1405 416 1486 εἷς
433 1413 519 1503 κάχὼ
537 1412 687 1503 λε’χωμαι.
707 1413 747 1476 Σὺ
763 1409 814 1496 δέ,
836 1416 861 1478 εί
879 1413 932 1500 μὲν
950 1417 1031 1501 ἔχεις
1044 1413 1136 1477 ἄλλον
1149 1409 1292 1477 δεικνύειν
1308 1412 1399 1498 νόμον
1414 1410 1461 1474 τόν

372 1520 423 1609 ἐμὲ
445 1522 617 1602 κωλύοντα,
630 1511 783 1589 Ιδεικνύων
805 1525 914 1589 κώλυε.
940 1521 1020 1589 Οῦδὲ
1040 1525 1099 1615 γὰρ
1125 1523 1186 1614 ἐγὼ
1206 1523 1292 1612 παρὰ
1309 1522 1362 1586 τὸν
1377 1522 1463 1608 νόμον

374 1629 523 1720 βούλομαι
545 1635 767 1700 πολιτεύεσθαι.
792 1640 828 1700 Εἰ
852 1632 885 1700 δὲ
909 1641 1012 1700 τοῦτον
1029 1637 1179 1723 ἔχεις-καί
1199 1635 1288 1721 μόνον
1305 1631 1337 1697 όν
1356 1627 1395 1702 δὴ
1412 1633 1461 1696 καί

374 1747 552 1832 προτείνεις,
573 1750 635 1811 ἴσθι
652 1744 745 1834 μηδὲν
761 1756 867 1831 ποιῶν,
887 1743 964 1834 μηδὲ
978 1743 1105 1822 δικαίως
1122 1747 1365 1837 ἰσχυριζόμενος.
1383 1747 1463 1815 Hm

374 1854 423 1916 τόν
441 1850 471 1928 ἐξ
489 1854 629 1946 ἑταίροις,
648 1859 700 1921 καὶ
721 1855 817 1949 εἶργε·
839 1861 921 1934 ζήτει
943 1859 993 1922 τόν
1012 1859 1071 1922 ἀπὸ
1090 1859 1187 1944 νόμων
1207 1857 1393 1946 εἰργόμενον,
1413 1854 1461 1918 καί

375 1961 477 2038 ἐξέλοι·
499 1970 550 2031 καί
568 1969 634 2032 τότε
651 1964 746 2044 δόξεις
760 1968 794 2032 οῦ
811 1964 987 2051 βασκαίνων
1002 1967 1129 2055 ε’ντίμοις
1144 1963 1370 2054 εῦδοκιμοῦσιν,
1389 1965 1463 2029 ἀλλὰ

374 2075 470 2160 νόμων
493 2077 652 2142 πολιτικῶν
682 2081 891 2167 ἀντεχόμενος.
918 2080 982 2143 Κόιν
1010 2082 1151 2170 μυριάκις
1180 2077 1392 2168 ἀναγινώσκῃς
1418 2076 1464 2140 τόν

374 2185 477 2270 νόμον,
498 2185 548 2273 ἐμὲ
566 2187 618 2274 μὲν
637 2188 695 2277 οὐχ
712 2186 848 2281 αἱρήσεις
866 2184 952 2277 (οῦδὲ
968 2192 1028 2281 γὰρ
1045 2188 1206 2278 ῦπόκειμαι
1223 2196 1265 2274 τῷ
1282 2179 1468 2278 προςτίμῳ),-

376 2289 481 2371 δείξεις
499 2294 532 2361 δὲ
549 2301 637 2386 μόνον
654 2302 763 2365 ταυτὸν
777 2304 940 2392 ρθονοῦντα
954 2309 991 2389 τῇ
1005 2301 1088 2366 πόλει
1101 2309 1154 2375 τῆς
1168 2299 1324 2389 ὠφελείας,
1343 2299 1402 2363 κᾶν
1415 2295 1464 2384 μὲν

375 2416 443 2495 νοῄς
452 2407 468 2472 ό
477 2434 505 2473 τι
516 2411 567 2474 καί
578 2411 687 2502 λέγεις,
698 2408 919 2495 βασκαίνοντα,
933 2412 970 2476 όιν
978 2407 1008 2475 δ’
1020 2414 1141 2503 &popa
1153 2406 1321 2495 τὴνδιπλῆν
1328 2404 1466 2500 hyreneo*

376 2519 499 2604 ἔχοντα.
515 2504 657 2592 (λδιπλήν
673 2518 702 2586 δ’
716 2519 859 2613 ἀχνοῶνθ,
874 2525 990 2612 μωρίαν
1004 2523 1175 2614 ὀφλισκάνει
1187 2521 1206 2592 ἢ
1221 2523 1347 2606 μανίαν,
1361 2519 1380 2590 ἢ
1394 2518 1464 2584 ἄλλο

376 2652 404 2691 τι
423 2638 482 2695 τῶν
505 2632 614 2719 ὁμοίων
630 2636 715 2724 παρὰ
731 2634 865 2709 πολλοῖς.
889 2636 925 2697 Τί
944 2639 1016 2723 χοῦν
1033 2634 1145 2698 σαυτόν
1166 2632 1221 2697 οῦκ
1242 2625 1463 2722 ἐλλεῦορίζεις”,

411 2866 419 2892 ¹
433 2867 531 2924 Codex,
544 2876 600 2938 ρὲρρ
611 2890 662 2933 μοι.
936 2874 1004 2936 δέχου
1015 2883 1056 2929 τῆς
1070 2877 1128 2929 πόσις
1142 2879 1183 2927 τὴν
1198 2874 1333 2939 θεραπείαν·
1345 2872 1412 2939 ῥῖψον
1423 2871 1465 2918 ίιπῦ

410 2942 419 2968 ²
433 2945 470 2994 Ad
482 2946 554 2995 verba
564 2949 647 2997 AEneae
658 2949 734 2997 Gazaei
744 2987 750 3008 ‚
761 2950 834 3006 αὐτὴν
844 2952 908 3013 ἁμα·
936 2963 977 3008 τῆς
992 2959 1065 3016 ψυχῆς
1082 2958 1109 3000 τό
1124 2951 1277 3018 ἀρρώστημα.
1297 2949 1408 2998 Bremius
1421 2947 1466 2997 ihi-

377 3028 420 3079 θῶς
433 3027 545 3087 ἀγνοήσας
553 3035 594 3083 τὴν
602 3029 697 3089 ἄγνοιαν
706 3030 826 3078 διπλάσιον
838 3039 907 3084 νοσεῖ,
936 3031 1009 3079 dem:
1024 3049 1035 3073 ι
1048 3029 1117 3078 nobis
1134 3033 1250 3077 niestourz
1260 3045 1288 3087 »ς
1306 3026 1378 3075 nobis
1392 3025 1467 3074 «het-

377 3102 480 3162 plurimn
496 3106 585 3152 contuli
603 3123 629 3170 p.
649 3108 711 3164 2923
728 3107 752 3154 in
773 3106 810 3154 his
827 3107 907 3157 locum
936 3108 1019 3157 le'bore
1035 3128 1046 3152 ν
1063 3107 1100 3156 vel
1115 3105 1277 3156 «elleboro».
1293 3104 1343 3153 Sed
1357 3096 1466 3152 botanice

378 3179 452 3242 ipsius
466 3181 622 3247 Pachymeris
637 3200 667 3232 ex
680 3184 838 3233 Historiarum
857 3185 908 3231 ini·
935 3187 1089 3252 loquentibus
1112 3185 1142 3234 de
1161 3184 1259 3233 nomine
1284 3199 1325 3232 res
1344 3194 1382 3233 est
1398 3183 1466 3248 paulo

378 3257 424 3316 tio,
441 3259 581 3323 cujusnunc
594 3278 641 3310 non
654 3263 816 3326 spernendam
826 3265 910 3311 varie-
937 3264 1091 3330 implicatior.
1117 3264 1180 3311 Satis
1208 3275 1295 3310 secure
1322 3261 1467 3310 crediderim

378 3346 452 3386 tatem
468 3340 624 3398 memorabo,
639 3343 696 3398 ὣςτε
710 3359 754 3405 pro
769 3347 798 3398 ὡς
808 3348 843 3391 τό.
860 3342 909 3390 Sed
937 3344 1089 3393 helleborum
1100 3342 1253 3405 antiquorum
1267 3355 1321 3388 eam
1333 3355 1388 3388 esse
1399 3338 1466 3403 plan-

378 3418 514 3467 sumvalde
531 3419 604 3468 iratus
623 3420 680 3468 mihi
698 3419 762 3488 quod
784 3421 910 3469 retinuerit
938 3434 999 3477 tam.
1024 3437 1095 3487 quam
1120 3421 1201 3468 Prusae
1221 3418 1280 3467 vidit
1302 3417 1467 3466 Turnelortius

378 3498 494 3544 memoria
510 3499 618 3546 tenacior
632 3498 724 3548 debiles
736 3515 819 3548 versus
834 3499 908 3548 hosee
936 3505 967 3568 (t.
982 3501 1030 3559 lll,
1045 3517 1071 3564 p.
1087 3498 1159 3560 3tt];
1174 3513 1247 3562 quam
1260 3496 1371 3545 nonnulli
1386 3495 1468 3545 Helle-

377 3585 457 3635 poetae
478 3576 639 3638 ignorabilis:
660 3578 775 3626 ob'aveu
795 3577 909 3642 qu'Hylus
937 3583 1022 3631 horum
1044 3576 1189 3626 Orientalem
1212 3583 1307 3622 vocant.
1330 3573 1415 3637 Magna
1434 3581 1468 3620 est

378 3653 425 3698 m'a
440 3653 481 3700 leit
493 3653 524 3701 de
538 3671 581 3703 son
596 3656 748 3705 insuffisance
760 3656 868 3706 Rachete
881 3671 909 3704 ce
936 3655 1082 3707 Turnolortii
1104 3653 1250 3713 auctoritas,
1272 3650 1361 3700 medici
1383 3651 1427 3700 viri
1445 3661 1468 3699 et

379 3727 475 3789 dolant,
487 3741 512 3778 et
525 3744 584 3795 peut
601 3743 700 3782 tourner
713 3735 727 3781 a
738 3733 808 3792 bien;
823 3734 870 3782 Car
886 3734 909 3782 le
938 3739 1001 3785 inter
1013 3733 1139 3784 botanicos
1155 3731 1288 3794 scriptores
1303 3729 1421 3793 primarii.
1436 3729 1468 3777 lle

378 3804 473 3853 comble
488 3808 518 3855 de
532 3808 695 3872 l'ignorance‚
712 3813 777 3862 C'est
788 3812 910 3875 d'iguorer
937 3813 1062 3864 helleboro
1070 3821 1177 3860 veterum
1186 3808 1253 3858 multi
1262 3806 1337 3856 multa
1347 3807 1466 3856 dixerunt.

379 3883 451 3947 qu'on
462 3900 492 3932 ne
504 3887 612 3937 saitrieu
624 3908 645 3938 ν.
939 3893 1049 3942 lndieare
1068 3891 1126 3939 satis
1147 3889 1178 3936 sit
1197 3886 1327 3934 Trillerum
1349 3886 1467 3934 medicum

412 3961 518 4014 ³Ferme
543 3967 638 4016 videtur
664 3968 796 4017 desiderari
822 3971 909 4030 ἀγνοῶν
938 3969 1125 4020 eruditissimum
1138 3966 1170 4014 ad
1182 3963 1268 4013 Thom.
1287 3963 1350 4027 ldag.
1364 3980 1391 4028 p,
1406 3965 1468 4024 tto;

377 4040 482 4102 ἅθθθῑᾱν·
937 4052 1061 4115 Bompart.
1088 4044 1267 4097 Commentario
1295 4043 1321 4091 in
1342 4043 1468 4106 septimam

412 4120 531 4171 ‘Servavi
549 4133 645 4173 tenuem
660 4126 751 4176 codicis
763 4126 873 4190 spiritum
885 4126 908 4173 in
938 4128 1092 4193 Hippocratis
1111 4124 1255 4190 epistolam,
1276 4137 1303 4185 p.
1322 4120 1354 4169 90
1363 4141 1370 4179 ;
1390 4119 1467 4168 Vinkii

379 4201 536 4268 ἐλλεθσρίζιις.
561 4203 639 4252 Verba
660 4214 783 4255 mutuatus
810 4216 846 4254 est
866 4221 910 4253 so·
938 4207 1095 4255 amoenitates
1113 4203 1270 4264 Medicas‚p.
1286 4199 1469 4258 thimonem-

378 4277 458 4340 phista
481 4280 649 4332 Demosthenis
672 4285 738 4333 Ctes.
758 4283 774 4348 ς
797 4287 850 4333 121.
873 4283 908 4332 lbi
938 4285 992 4334 vicii
1008 4285 1089 4332 ldeam
1102 4281 1230 4332 medicinae
1240 4288 1349 4329 veterum
1364 4287 1428 4342 part.
1440 4280 1467 4331 3,

379 4355 497 4405 scholium
511 4378 516 4406 ι
530 4362 680 4411 ἀπαλλάσσου
690 4373 731 4420 τῆς
742 4369 816 4413 νόσου·
829 4370 909 4427 χρήσι·
939 4379 993 4428 eap.
1009 4366 1038 4420 2,
1049 4362 1114 4427 quod
1129 4371 1190 4410 est«
1205 4359 1239 4407 [le
1256 4355 1376 4422 principis
1393 4356 1468 4406 lacul-

378 4453 421 4496 μος
435 4437 457 4482 ἐν
472 4447 521 4493 τοῖς
534 4444 649 4496 τοιούτοις
663 4452 739 4496 κακοῖς
754 4445 765 4490 ὁ
783 4443 906 4509 ἑλλέθορος“
939 4444 993 4490 tatis
1005 4441 1172 4506 symptomatis
1184 4434 1467 4500 n.RegnieriusSat.15,
