3684 5659
808 596 965 658 ΜΕΔΕΤΗ
991 587 1038 657 H⁴.
1399 597 1468 667 147

421 730 503 803 Πλὴν
520 733 583 820 ἔχω
605 729 701 821 λέγειν
719 730 771 795 καὶ
795 728 900 814 πλέον,
926 731 967 807 ὡς
990 732 1005 797 5
1027 730 1080 820 μὲν
1099 732 1169 821 ε’μός
1186 735 1275 822 νόμος
1293 737 1468 830 Λυκούργου

370 845 518 917 Λάκωνος
530 843 661 926 ἔκθεσις,
677 842 864 930 μετενεχθεὶς
876 837 993 926 ἐνθαδί,
1014 843 1029 907 5
1043 839 1076 908 δὲ
1091 845 1144 920 σὸς
1157 845 1289 924 Σόλωνος
1302 827 1466 919 Ᾰθηυοιίου.

371 949 471 1021 Οὐδὲν
495 958 570 1045 γοῦν
595 953 720 1029 ἀπεικὸς
743 955 916 1045 Λυκοῦργον
943 950 1149 1047 βραχυλοχεῖυ
1170 955 1387 1034 λακωνίζουτα.
1410 961 1467 1024 Καὶ

372 1065 430 1157 όρσι
451 1070 560 1130 τοῦτον
584 1065 635 1130 τόν
657 1065 747 1152 νόμον
763 1066 816 1129 καὶ
840 1064 931 1130 ἄλλον
951 1057 1054 1151 αὖθις,
1076 1074 1140 1143 πῶς
1155 1067 1253 1133 πολλοί
1269 1091 1336 1133 τινα
1353 1069 1470 1145 τούτοις

372 1178 425 1243 καὶ
451 1178 613 1267 ἀναγκαῖα
637 1172 743 1252 ἔξωθεν
762 1174 964 1241 transieras.
992 1176 1101 1243 Σώλουι
1125 1174 1159 1243 δὲ
1179 1181 1225 1255 τίς
1242 1179 1257 1243 5
1275 1178 1363 1271 λόχος
1385 1177 1468 1273 βρα-

372 1288 530 1381 χυλοχεῖν,
549 1269 669 1375 Ᾰττικῷ
690 1312 722 1353 τε
744 1293 805 1353 ὄντι
825 1290 879 1353 καὶ
903 1287 973 1363 τοὺς
995 1289 1104 1376 νόμους
1125 1289 1217 1355 αὐτοῦ
1242 1290 1272 1366 ἐς
1293 1291 1327 1356 τὸ
1348 1290 1471 1383 ἀκριὸὲς

373 1401 587 1487 σαφηνέζοντιε
610 1375 704 1483 tigre,
726 1398 773 1464 ἐπὶ
791 1396 843 1486 μὲν
858 1404 911 1464 τοῦ
929 1404 1002 1484 σοῦ,
1021 1399 1132 1466 πολλοῦ
1150 1396 1213 1466 δέοι
1229 1408 1267 1466 ἄν
1283 1425 1328 1477 τις
1346 1404 1398 1466 καὶ
1417 1401 1470 1466 λέ-

373 1534 456 1603 γειν,
476 1511 519 1587 ὡς
531 1510 642 1575 ταυτόυ
655 1511 839 1600 συνάγεται,
853 1512 905 1575 καὶ
924 1511 966 1598 μὴ
984 1510 1119 1598 κειμένου
1136 1516 1189 1577 τοῦ
1205 1512 1373 1588 λείποντος·
1393 1513 1472 1578 ἀλλὰ

372 1620 450 1689 πολὺ
464 1621 502 1687 τὸ
517 1616 700 1687 διαλλάττον
716 1619 853 1708 κειμένου
867 1623 919 1686 καὶ
934 1624 994 1709 μή·
1015 1621 1060 1688 ε’πὶ
1080 1618 1114 1688 δὲ
1131 1623 1262 1711 τούμοῦ,
1286 1622 1415 1699 εὐκόλως
1433 1631 1471 1689 oia

373 1757 419 1809 τις
435 1728 560 1808 συνάξοι
576 1739 620 1819 τῷ
638 1730 779 1824 ἐγγράφῳ
795 1733 830 1796 τό
850 1738 1005 1824 ἅχραρον,
1026 1736 1079 1799 καὶ
1102 1734 1172 1826 ὅπερ
1193 1735 1208 1799 5
1232 1736 1354 1827 χρείρων
1372 1734 1466 1826 παρέ·

372 1842 478 1930 λειψι,
498 1847 587 1909 τοῦτο
606 1845 659 1909 καὶ
678 1844 719 1919 ὡς
738 1841 849 1935 χραρὲυ
867 1849 1008 1936 όίυτικρυς
1023 1843 1171 1932 λήψεται,
1188 1847 1241 1910 καὶ
1261 1847 1295 1910 τὸ
1314 1846 1471 1936 λεγόμενον

374 1951 623 2067 συλλοχίσεταδ.

423 2068 483 2129 «0
507 2060 734 2179 s’trrorpaipunrog²
755 2066 796 2152 μὴ
817 2063 968 2153 μετεχέτω
991 2072 1049 2130 τῶν
1066 2066 1213 2158 πατρῴων
1233 2089 1249 2124 r>
1271 2068 1357 2156 φησί.
1380 2065 1471 2128 Τι’νωυ

373 2177 541 2271 respuam
560 2173 603 2240 Η3
615 2178 734 2252 πάντως
749 2169 789 2242 ὧν
806 2179 870 2265 ἔχει
889 2175 919 2240 ἑυ
935 2185 1056 2266 κατοχῇ
1073 2178 1088 2241 5
1107 2181 1221 2269 πατήρ,
1241 2179 1267 2242 δι’
1281 2202 1313 2242 τε
1329 2176 1471 2247 κέκτηται

374 2288 468 2355 θέλων
490 2290 544 2353 καὶ
568 2286 590 2352 δ
613 2287 742 2379 παρέχει
765 2284 961 2374 βουλόμενος.
985 2288 1030 2353 Οὐ
1048 2285 1191 2373 βούλεται
1215 2284 1334 2353 διδόναι
1354 2286 1470 2373 τούτῳ;

373 2401 419 2476 τίς
432 2400 471 2465 ἂν
481 2400 536 2465 καὶ
552 2394 718 2484 βιόσαιτο;
733 2378 847 2486 Ιδκείυῳ
863 2393 982 2463 διδόναι
998 2395 1158 2482 βούλεται;
1174 2401 1219 2474 τίς
1233 2399 1269 2463 ἂν
1281 2399 1296 2463 5
1309 2395 1470 2473 κωλύσωυ;

374 2516 423 2599 Τῷ
438 2509 541 2599 μέντοι
557 2508 588 2600 χ’
603 2509 803 2601 ἀποκηρύκτῳ
817 2506 956 2588 διδόναι,
974 2508 1050 2595 apa
1064 2504 1183 2573 διδόναι
1197 2504 1357 2591 βούλεται·
1375 2508 1431 2571 καὶ
1447 2510 1472 2570 εἰ

373 2788 404 2839 tis
417 2786 565 2854 epithetum.
575 2784 702 2837 Jaoobsius
714 2783 792 2834 edidit
802 2784 912 2851 ὄμμα...
940 2784 1080 2836 morabitur.
1092 2785 1163 2848 Quod
1173 2786 1193 2836 si
1210 2785 1264 2851 quis
1277 2783 1400 2835 desideret
1410 2784 1473 2834 Leo-

374 2872 478 2918 κυάνεοι.
490 2864 627 2916 Bruuekius
639 2863 725 2914 maluit
736 2870 809 2929 μέλαν
824 2865 844 2913 δ’
858 2866 913 2928 ἐμὸν
941 2863 1003 2914 nidae
1022 2864 1173 2929 paupertatis
1195 2863 1348 2914 disertiorem
1367 2865 1474 2914 mentio-

374 2946 486 3011 ὄμμα...
504 2949 598 3001 κυάνεος
621 2947 643 2994 θ.
664 2942 695 2991 Et
716 2957 772 2991 eum
790 2941 913 2992 Brunekio
942 2958 1011 3003 nem,
1023 2942 1147 3008 corrigere
1165 2952 1202 2993 est
1222 2942 1246 2992 iu
1264 2952 1363 3008 promtu
1379 2945 1431 3009 ἐλᾷς
1451 2948 1474 2994 οἱ

375 3024 464 3075 sentio.
479 3022 539 3085 Quas
556 3022 665 3089 loquitur
682 3020 829 3072 moribunda
848 3021 913 3086 virgo
940 3037 986 3088 pro
995 3024 1106 3082 ἐλάσσως,
1116 3022 1151 3071 sic
1160 3030 1257 3072 servato
1269 3021 1348 3072 futuro
1359 3021 1474 3071 etaddito

375 3102 408 3153 de
430 3100 510 3167 nigris
529 3115 629 3151 suorum
652 3099 780 3150 oculorum
806 3097 914 3148 tenebris
940 3101 1094 3166 pronomine.
1102 3100 1190 3151 Notum
1202 3111 1239 3150 est
1248 3103 1300 3167 ἐλᾷς
1309 3116 1363 3150 esse
1372 3100 1474 3149 formam

374 3181 444 3247 ptius
455 3179 566 3244 eogitare
580 3176 675 3229 debuit.
690 3177 791 3233 Sedest
809 3176 834 3225 in
853 3176 914 3240 Epi·
941 3180 1013 3230 iuturi
1026 3180 1135 3230 atticam.
1150 3178 1326 3244 Aristophanes
1337 3177 1398 3227 Rau.
1411 3179 1473 3226 203:

375 3268 513 3325 grammate
535 3256 646 3309 Gaetulici
669 3272 757 3321 magua
777 3254 823 3305 sub
841 3256 915 3304 finem
941 3259 975 3308 ot
992 3267 1027 3324 μὴ
1055 3262 1194 3328 φλυαρήσεις
1215 3259 1284 3322 ἔχων,
1306 3259 1357 3308 ἀλλ’
1380 3259 1476 3314 &ureae

376 3336 507 3389 difficultas
517 3357 525 3388 a
536 3340 565 3389 Et
576 3336 597 3386 δ’
609 3338 640 3395 ὥς
650 3355 695 3401 μευ
708 3339 834 3405 βαρύχυιον
846 3335 915 3384 ara·
941 3333 1017 3403 Ἐλᾷς.
1034 3336 1170 3401 Sophocles
1181 3335 1221 3400 Aj.
1239 3336 1287 3384 499
1300 3354 1306 3384 :
1319 3336 1410 3399 δαίμων
1424 3338 1474 3400 ἐλᾷ·

376 3436 421 3469 etto
438 3422 529 3477 νεῦσον,
550 3418 654 3473 Ιλάεεεις
673 3421 721 3464 Καὶ
742 3420 832 3474 πενίην,
847 3414 916 3463 δώσει
943 3415 985 3466 uhi
997 3414 1086 3464 schoht
1099 3417 1151 3464 ἀντὶ
1166 3420 1207 3464 τοῦ
1221 3416 1307 3463 ἐλάσει.
1320 3413 1351 3461 Et
1362 3412 1397 3461 sio
1410 3412 1475 3462 odd.

376 3500 474 3547 unatim
480 3502 594 3566 χίμαρον.
603 3493 739 3544 offenditur
748 3492 778 3542 ad
790 3493 916 3542 transitum
942 3494 971 3545 Τ.
983 3493 1040 3543 tot.
1049 3491 1178 3558 AEschyius
1187 3491 1258 3540 Eum.
1271 3491 1319 3539 td:
1333 3492 1409 3548 ἐλῶσι,
1420 3505 1476 3541 cum

379 3574 465 3641 prime
473 3590 587 3640 personne
595 3593 640 3638 μευ
650 3571 681 3622 ad
691 3572 788 3622 tertiam
798 3573 882 3631 δώσει,
893 3581 917 3620 et
943 3571 1036 3621 scholio
1056 3572 1171 3621 ἰλάσσυσι.
1185 3570 1216 3619 Et
1228 3569 1263 3618 sie
1280 3567 1408 3633 Euripides
1420 3567 1475 3618 die.

378 3652 530 3719 eoujeoturae
542 3652 613 3702 iiuut.
628 3650 678 3701 Sed
689 3649 830 3700 meminisse
840 3664 916 3714 opor·
943 3651 1000 3701 att.
1020 3649 1123 3713 insuper
1139 3646 1331 3698 animadvertam
1345 3646 1476 3696 lectionem

382 3740 419 3783 tet
430 3730 576 3781 Gaetulicum
589 3745 638 3781 uon
650 3744 709 3790 suo,
720 3728 764 3779 sed
774 3727 918 3778 uomineIo-
943 3733 999 3779 λιτὰ
1013 3731 1066 3779 τάδ’
1083 3732 1107 3778 ἐκ
1124 3731 1190 3778 λιεσῦ
1210 3742 1265 3776 esse
1278 3724 1477 3790 conjecturalem.

379 3809 422 3875 qut
435 3806 553 3859 Leonidae
572 3814 686 3871 εΛάζιο,
703 3815 818 3872 τιμήεσσα
835 3810 917 3862 Κυθη·
944 3804 1479 3869 InventumsuitinPalatinoaipoerd5’iaaio·

378 3892 433 3953 ριάς
439 3922 448 3947 ,
459 3886 599 3952 ὕμνοπόλοιο
607 3893 672 3938 Λιτὰ
682 3889 735 3938 τάδ’
743 3889 767 3937 ἐκ
777 3890 842 3937 λιτοῡ
853 3887 917 3954 δῶρα
944 3895 996 3949 τοῦ,
1006 3888 1030 3937 in
1039 3885 1148 3937 Planude
1157 3883 1217 3950 αἶψα
1225 3885 1283 3934 τάδε
1291 3886 1393 3934 κλειτοῦ.
1403 3883 1479 3933 Rece-

379 3966 510 4017 Λεωνίδεω.
525 3966 605 4027 Quem
621 3965 704 4015 Venus
723 3964 856 4015 valetudini
873 3978 917 4012 re-
945 3965 1022 4030 perim
1030 3963 1091 4030 αἶψα
1098 3965 1152 4014 τάδ’
1163 3965 1187 4013 ia
1197 3966 1296 4012 κλειτοῦ.
1310 3959 1478 4011 PotnitGaetu·

381 4044 508 4105 uitauerat,
525 4043 657 4094 Getulieus
676 4043 729 4093 deae
746 4042 881 4107 promittit,
897 4041 916 4090 si
944 4043 991 4092 lico
1001 4041 1122 4091 Leonidas
1133 4044 1222 4090 κλιιτόν
1233 4039 1297 4098 dici,
1308 4039 1344 4087 voi
1353 4042 1445 4098 κλυτόν,
1457 4038 1477 4086 si

382 4122 475 4187 pariter
486 4134 561 4189 queat
581 4133 607 4172 et
623 4121 675 4187 ejus
688 4123 769 4172 levare
782 4129 918 4186 pauperta-
945 4117 1479 4185 hoopermetrumiicuisset‚atquefuitetiam

381 4211 445 4262 tem,
459 4200 587 4263 daturum,
600 4200 733 4252 Leonidam
745 4199 853 4259 scilicet,
868 4213 917 4248 uon
945 4200 969 4248 iu
984 4197 1107 4263 epitheto,
1120 4196 1187 4262 quod
1200 4195 1321 4245 Venerem
1337 4205 1455 4246 moveret.

380 4277 430 4342 jam
448 4277 510 4329 fieus
524 4288 551 4329 et
563 4294 636 4336 uvas,
659 4287 684 4328 et
702 4277 761 4328 talia
778 4277 856 4340 dona,
873 4276 918 4327 aed
979 4276 1072 4333 ¹Cod.,
1087 4279 1260 4336 συλλογίσηται.

383 4357 498 4423 pinguem
529 4372 639 4422 caprum.
663 4356 763 4406 Mutatio
791 4371 917 4420 personas,
980 4351 1264 4417 ’δολιολεσυλλσγισμός

384 4445 440 4500 post
451 4435 516 4487 hauc
528 4436 729 4501 explicationem,
742 4435 859 4486 lectorem
869 4450 918 4484 uon
981 4431 1062 4482 ³God.
1075 4438 1099 4488 ἥ.
1111 4431 1174 4481 Vide
1183 4448 1210 4496 p.
1226 4432 1286 4490 146,
1299 4447 1324 4480 n.
1334 4431 1358 4481 4.
