3684 5659
457 602 526 672 148
795 607 829 666 Γ.
857 606 931 667 ΤΟΥ
956 604 1210 667 ΠΑΧΥΜΕΡΟΥΣ

456 740 509 829 μὲν
526 734 663 824 διδόναι,
690 737 753 803 λύει
776 739 953 830 παραυτίκα
970 739 1022 809 τήν
1043 736 1238 831 ἀποκήρυξιν,
1264 742 1316 805 καί
1338 735 1439 815 οὐδεὶς
1463 739 1549 830 λόγος

454 857 508 917 τοῦ
530 853 572 939 μή
597 849 761 938 λαμθάνειν
786 849 895 915 ἐκεῖνον
918 851 958 914 τά
978 851 1190 941 παρεχόμενα·
1212 851 1247 916 ού
1265 853 1325 943 γάρ
1342 853 1550 942 ἀποκήρνκτος

456 965 596 1050 ούμενουν
614 961 707 1027 ἔτιιδν
724 961 906 1052 κληρονόμον
924 961 1104 1031 καθίστησιν
1127 961 1142 1025 ό
1162 965 1281 1054 πατήρ·
1304 965 1329 1027 εἰ
1348 958 1382 1027 δὲ
1400 962 1443 1049 μή
1460 957 1549 1026 διδό-

455 1095 522 1156 ναι,
542 1070 613 1160 μήτ’
632 1071 743 1147 ἐκεῖνος
760 1067 891 1157 διδότω,
911 1069 983 1157 μήθ’
1000 1070 1102 1145 ὀπαῖς
1119 1069 1319 1158 λαμθανέτω,
1337 1073 1378 1160 μή
1396 1071 1547 1148 θέλοντος·

455 1182 520 1259 υἱός
535 1185 595 1275 γὰρ
613 1182 667 1248 οὐκ
689 1187 767 1247 ἔστι.
787 1183 847 1248 Καὶ
866 1178 982 1269 μεθέξει
999 1188 1058 1245 τῶν
1076 1189 1248 1274 πατρικῶν;

504 1291 595 1370 Εἶδες
607 1297 697 1360 ποίαν
715 1295 833 1381 όνόμος
850 1292 931 1384 λέγει
949 1292 1001 1363 τήν
1017 1296 1169 1381 μετοχήν;
1186 1289 1284 1378 εἶδες,
1303 1301 1386 1378 πῶς,
1409 1294 1549 1382 σωζομέ-

455 1428 506 1480 νης
521 1413 574 1481 τῆς
592 1401 818 1497 ἀποκηρύξεως,
835 1404 887 1470 καὶ
905 1411 963 1468 τῶν
977 1406 1138 1491 κτημάτων
1151 1409 1241 1469 όντων
1254 1405 1415 1495 πατρῴων,
1433 1406 1551 1494 όνόμος

454 1522 545 1609 εἴργει
563 1517 614 1582 τὸν
633 1518 861 1608 ἀποκήρυκτον;
881 1516 912 1579 τί
929 1515 1031 1580 λοιπόν
1048 1522 1092 1602 τῷ
1117 1516 1198 1604 νόμῳ
1216 1511 1265 1581 δεῖ
1281 1511 1480 1602 διαστίξεως,
1499 1525 1551 1593 τῆς

454 1636 586 1718 μετοχῆς
604 1626 651 1692 ἐπὶ
667 1627 868 1718 κληρονομίας
882 1623 1129 1713 λαμθανομένης,
1148 1627 1303 1692 καὶτοῦτο
1317 1627 1408 1714 μόνον
1421 1625 1551 1716 ἐχούσης

452 1739 486 1803 τὸ
504 1739 739 1826 σημαινόμενον.

501 1827 643 1937 Ιλλθωμεν
670 1845 777 1919 δήκαὶ
802 1847 848 1912 ἐπὶ
876 1847 927 1913 τόν
954 1848 1068 1934 λοιπόν,
1093 1839 1129 1924 θς
1147 1847 1310 1936 λαμθάνειν
1334 1849 1387 1919 τήν
1409 1854 1487 1915 ναῦν
1502 1850 1551 1915 τόν

453 1959 646 2047 ἐπιμείναντα
668 1955 797 2024 δικαῖοι.
817 1960 941 2033 Πάντως
960 1954 1027 2047 ᾔδει
1045 1957 1173 2036 πολλοὺς
1188 1961 1240 2025 καί
1256 1962 1383 2048 ἀτίμους
1399 1961 1453 2024 noi
1470 1962 1550 2026 ἀπο·

453 2069 622 2161 κηρύκτους
639 2070 654 2134 ό
673 2068 848 2157 νομοθέτης.
869 2064 944 2133 Οἵδε
959 2069 1011 2134 καί
1029 2068 1112 2145 νέους
1130 2071 1183 2135 καί
1201 2069 1363 2162 γέροντας,
1378 2071 1433 2136 καί
1449 2068 1550 2162 φίλους

452 2205 484 2246 τε
499 2182 552 2246 καί
571 2179 715 2272 ἐχθρούς,
734 2181 787 2245 καί
803 2173 848 2256 οἷς
861 2180 898 2245 ἀν
910 2181 1041 2244 συνοίσει
1054 2178 1183 2245 λαθοῦσι
1197 2181 1231 2246 τό
1247 2183 1483 2270 χειμαζόμενον,
1497 2183 1548 2246 καί

454 2285 499 2367 οἷς
517 2294 573 2378 μή.
595 2287 670 2355 Οἶδε
693 2292 749 2366 τὰς
767 2295 859 2375 ναῦς,
877 2289 922 2355 ότι
945 2293 963 2361 ή
982 2289 1036 2378 μὲν
1054 2286 1211 2376 ίδιωτική,
1229 2293 1249 2362 ή
1267 2287 1301 2356 δὲ
1319 2288 1478 2379 δημοσία,
1497 2294 1548 2357 καὶ

453 2401 543 2489 ήμέν
565 2401 661 2493 μέγαν
683 2402 733 2466 τόν
751 2403 857 2492 φόρτον
874 2403 927 2467 καὶ
946 2403 1114 2493 ἀναγκαῖον
1134 2410 1171 2490 τῇ
1195 2401 1279 2467 πόλει
1304 2401 1439 2494 φέρουσα
1446 2449 1458 2487 ,
1475 2404 1496 2473 ή
1517 2395 1549 2467 δὲ

453 2514 559 2604 μικρὸν
575 2514 627 2579 καί
647 2509 714 2577 οὐδ’
733 2511 802 2578 ὅσον
829 2508 985 2605 φροντίδος
1007 2509 1103 2588 ἄξιον·
1122 2514 1175 2577 καί
1194 2514 1214 2583 ή
1236 2511 1291 2600 μὲν
1312 2521 1371 2578 τῶν
1388 2536 1550 2603 ταχυναυ-

454 2632 569 2689 τουσῶν
586 2626 638 2693 καί
653 2627 808 2718 τριήρεων,
825 2627 844 2696 ή
860 2620 894 2688 δέ
910 2632 969 2688 τῶν
984 2618 1095 2712 σχεδόν
1111 2625 1273 2710 ἀκινήτων,
1292 2625 1344 2689 καί
1362 2619 1414 2700 αἷς
1431 2625 1469 2690 ἀν
1481 2648 1550 2690 συν-

455 2738 554 2827 εργοίη
573 2737 646 2826 πρὸς
662 2734 801 2800 κέλευθον
815 2732 913 2826 βαρὺς
929 2733 1023 2800 πνέων
1037 2733 1052 2797 ὃ
1070 2739 1192 2822 ἀνεμος.
1207 2737 1332 2827 Είγοῦν
1347 2732 1465 2801 ὑπονόει
1479 2731 1548 2801 δια·

454 2845 547 2934 ροράν
566 2844 611 2908 ἐπὶ
630 2844 747 2920 τούτοις
765 2847 817 2911 καὶ
835 2845 876 2932 μή
893 2844 996 2919 ἁπλῶς
1010 2842 1174 2931 ἐνομοθέτει
1188 2846 1268 2909 κατά
1284 2846 1396 2921 παντός
1408 2846 1443 2912 τό
1458 2845 1544 2931 αύτό,

453 2953 580 3029 πολλαῖς
601 2955 637 3018 ἀν
655 2956 670 3018 ό
688 2956 777 3041 νόμος
796 2951 826 3029 ἐξ
848 2957 985 3046 ἀνάγκης
1005 2957 1159 3042 συνείχετο
1177 2951 1374 3032 διαστίξεσιν.
1395 2936 1547 3033 iim-'14-

454 3089 508 3154 περ
532 3055 577 3130 ε’πὶ
594 3073 652 3130 τῶν
670 3068 869 3157 πραγμάτων,
886 3064 920 3129 ού
943 3061 1133 3156 διορίσαντος
1150 3067 1207 3131 κάν
1222 3065 1297 3131 πολὺ
1315 3067 1372 3133 κάν
1389 3065 1548 3159 ὀλίγον,ἐν

454 3176 554 3240 καὶτὸ
572 3174 646 3239 αύτδ
665 3175 866 3265 λογιζόμεθα,
888 3171 966 3238 ούτω
986 3170 1070 3250 δέξαι
1090 3176 1142 3240 καί
1164 3175 1286 3241 ἐπὶτῶν
1304 3178 1546 3269 προςῶπων·καί

454 3285 495 3371 μή
514 3281 632 3360 ἐξέταζε
650 3285 706 3349 κάν
722 3284 812 3360 πένης
829 3284 843 3348 ὁ
863 3283 1033 3371 ἐπιμείνας,
1055 3285 1112 3349 κάν
1131 3285 1293 3370 πλούσιος,
1311 3288 1368 3352 κάν
1390 3287 1547 3380 ε’χθρόςτῇ

453 3395 554 3479 πόλει,
578 3396 635 3460 κάν
653 3396 756 3486 φίλος,
784 3397 840 3460 κάν
864 3404 922 3460 τῶν
949 3394 1086 3482 ἐντίμων,
1106 3397 1164 3461 κάν
1180 3406 1239 3463 τῶν
1264 3401 1392 3486 ἀτίμων,
1413 3399 1472 3464 κάν
1488 3407 1547 3464 τῶν

453 3510 597 3597 γνησίων,
615 3508 672 3571 κάν
693 3504 917 3596 ἀποκήρνκτος.
939 3504 1064 3571 Σκόπει1
1080 3503 1124 3592 δ’,
1145 3511 1170 3572 εἰ
1188 3505 1310 3592 βούλει,
1327 3512 1379 3574 καὶ
1398 3513 1456 3587 τάς
1473 3505 1547 3576 δια·

824 3599 830 3621 t

453 3619 536 3692 νοίας
549 3626 607 3683 τῶν
617 3621 795 3704 νομοθετῶν.
809 3622 834 3682 Ο
848 3616 901 3704 μέν
914 3624 1007 3709 είργει
1021 3625 1079 3683 τῶν
1095 3621 1243 3711 πατρῴων
1256 3621 1306 3685 τόν
1323 3623 1545 3713 ἀποκήρυκτον,

454 3725 512 3813 ούχ
529 3728 569 3801 ὡς
585 3728 798 3814 ἀπηχθημένον
811 3737 853 3815 τῷ
870 3730 1075 3819 γεγεννηκότι·
1099 3734 1123 3794 εἰ
1141 3732 1200 3821 γὰρ
1218 3734 1422 3823 ἀπεκήρυττον
1438 3739 1546 3819 μισῶν,

454 3832 546 3911 ούτως
563 3837 599 3900 ἀν
617 3833 698 3925 εἶχες
714 3836 825 3928 λέγειν·
846 3838 908 3903 ἐπεὶ
928 3835 958 3903 δ’
977 3839 1017 3915 ὡς
1035 3836 1187 3905 παιδεύων
1205 3843 1257 3905 καὶ
1272 3844 1432 3920 νουθετῶν,
1454 3845 1547 3908 εἶκαὶ

454 3945 709 4038 πληκτικῶτερον,
721 3982 770 3994 -
784 3943 879 4014 δεινόν
890 3950 949 4040 γάρ
961 3951 995 4014 τό
1008 3948 1144 4031 τίκτειν’,
1160 3951 1215 4017 εἴτ’
1230 3944 1279 4017 οὖν
1292 3961 1412 4042 γεννᾷν,
1428 3955 1481 4018 καί
1496 3953 1549 4018 οὐκ

488 4195 601 4245 'Schol.:
615 4199 715 4248 ἐνταῦθα
733 4203 839 4268 καθαρῶς
860 4204 874 4255 ή
895 4199 987 4249 διάνοια
1015 4201 1055 4261 Et,
1064 4217 1138 4266 quum
1147 4211 1232 4265 agatur
1243 4201 1275 4251 de
1285 4211 1365 4266 patre,
1375 4201 1446 4252 addit
1456 4204 1502 4252 εἴτ’
1512 4199 1549 4252 οὖν

453 4279 493 4321 τοῦ
505 4279 638 4336 νομοθέτου.
1014 4288 1104 4343 γευνᾷν.
1118 4280 1188 4340 Quod
1200 4279 1393 4331 additamentum
1402 4281 1481 4331 ferme
1493 4296 1550 4331 cre-

488 4347 497 4372 ²
508 4349 587 4400 Utitur
596 4353 676 4404 verbis
686 4353 807 4418 Euripidis
818 4353 873 4419 lph.
887 4354 916 4402 Α.
928 4357 985 4403 917ι
1015 4355 1117 4406 diderim
1129 4357 1250 4408 scholium
1262 4375 1330 4418 esse,
1342 4376 1416 4425 quum
1427 4368 1455 4411 τὸ
1464 4367 1549 4412 τίκτειν

455 4433 530 4477 Διινὸν
543 4434 569 4477 τὸ
583 4436 672 4481 τίκτειν
685 4438 723 4482 καὶ
735 4438 797 4502 ρι’ριι
810 4436 903 4500 ρι’λτρον
915 4439 985 4496 μέγα.
1014 4434 1090 4498 possit
1102 4445 1127 4484 οι
1146 4435 1177 4484 de
1195 4448 1265 4501 patre
1280 4439 1405 4502 usurpari,
1424 4454 1454 4488 ac
1469 4440 1547 4491 statim
