3684 5659
452 597 522 669 ⁴46
786 605 821 663 Γ.
850 604 924 663 ΤΟΥ
949 599 1206 663 ΠΑΧΥΜΕΡΟΥΣ

450 735 717 828 παραθαλλόμενος
734 737 807 828 πρὸς
824 737 864 800 τόι
877 743 931 811 τῆς
945 729 1133 818 θαλοίσσης’,
1154 732 1283 821 ἐμαυτὸν
1295 735 1548 826 περιεσωσάμην,

450 850 502 914 καὶ
521 851 583 935 ἔχω
596 851 695 912 ταῦτα
709 844 823 930 λαθών,
838 850 891 910 τοῦ
903 845 995 932 νόμον
1009 841 1179 920 κελεύοντος
1190 846 1242 910 καί
1257 844 1311 915 τὴν
1320 848 1394 909 ναῦν
1410 867 1549 934 παρεχο-

451 959 539 1047 μένου
551 967 594 1046 τῷ
609 958 802 1044 ἐπιμείναντι,
819 959 848 1021 τί
854 952 865 985 ¹
878 950 1075 1044 ἀπαυθαθίζῃ
1088 957 1140 1020 καὶ
1155 955 1266 1046 λέγεις,
1282 957 1334 1021 καὶ
1349 957 1549 1048 ἀφαιρεῖσθαι

450 1079 540 1162 πειρᾷ
554 1071 587 1136 τὸ
604 1078 662 1134 τῶν
678 1069 757 1156 ἐμῶν
770 1064 866 1158 θῶρον
882 1067 993 1147 πόνων,
1013 1073 1086 1132 είπω
1103 1062 1137 1131 θὲ
1151 1068 1204 1132 καὶ
1219 1075 1274 1143 τῆς
1291 1066 1387 1156 τύχης
1401 1064 1546 1157 ἕρμαιον;

451 1181 481 1257 ἐς
504 1183 534 1246 τί
557 1177 633 1273 γόιρ8
650 1183 702 1245 καὶ
723 1175 841 1264 βλέπων
864 1178 879 1243 ὁ
901 1176 1064 1265 νομοθέτης
1085 1178 1209 1269 μεγάλῳ
1232 1180 1332 1266 μισθῷ
1352 1177 1413 1277 τόνΙ
1426 1175 1549 1264 ἐπιμεί-

450 1316 544 1372 ναντα
556 1287 689 1369 δικαιοῖς
705 1268 748 1355 λλ*
760 1292 880 1364 ποίντως
896 1286 942 1354 ότι
953 1289 1006 1353 καὶ
1020 1290 1085 1379 περί
1097 1288 1201 1377 ψυχῆς
1214 1289 1229 1353 ὁ
1243 1285 1395 1374 κίνδυνος,
1410 1283 1449 1365 ἧς
1461 1285 1549 1355 οὐδὲν

451 1408 553 1491 μεῖζον
574 1403 738 1495 ἀνθρώπῳ,
760 1401 818 1465 κᾶν
835 1398 852 1465 ό
868 1424 897 1463 τι
914 1399 952 1464 ἂν
970 1401 1050 1490 φήσῃ
1062 1422 1121 1474 τις.
1138 1401 1261 1465 Δίκαιον
1279 1395 1313 1464 θὲ
1330 1394 1370 1470 δή
1387 1425 1447 1465 που
1465 1402 1549 1466 ἀνα-

451 1513 559 1605 λόγους
579 1522 642 1588 τοῖς
662 1512 767 1587 κόποις
784 1511 964 1601 προκεῖσθαι
986 1510 1038 1573 καί
1062 1508 1133 1586 τοὺς
1154 1509 1301 1597 μισθούς,
1322 1508 1360 1575 ἵν’
1385 1516 1413 1574 εί
1426 1509 1487 1574 πού
1503 1535 1550 1587 τις

451 1626 503 1689 καί
521 1626 664 1715 ῥᾳθυμεῖν
681 1626 747 1712 ἔχοι
764 1623 816 1687 καί
832 1617 948 1704 θειλιᾷν
959 1619 1033 1710 πρὸς
1047 1616 1125 1685 οὕτω
1143 1620 1286 1712 μέγιστον
1300 1615 1451 1706 κίνδυνον,
1471 1622 1550 1686 ἀπο-

452 1734 567 1800 θλόπων
587 1735 661 1826 πρὸς
683 1735 733 1800 τὸν
756 1733 862 1821 μισθὸν
880 1730 1063 1824 ρωννύηται,
1083 1732 1124 1807 ῶς
1140 1731 1159 1802 ἢ
1175 1734 1215 1796 τά
1233 1736 1355 1823 ἔσχατα
1372 1733 1549 1821 πεισόμενος

452 1854 511 1911 τῶν
528 1854 645 1930 κακῶν,
663 1846 683 1917 ἢ
700 1847 739 1910 τά
754 1853 813 1910 τῶν
831 1846 956 1935 ἀγαθῶν
973 1841 1102 1933 μέγιστα
1120 1843 1329 1931 κομιούμενος.

500 1935 574 2032 ίλςτε
595 1954 679 2023 θνοῖν
697 1954 901 2047 προκειμένοιν
917 1954 1033 2041 νόμοιν,
1055 1953 1089 2019 ού
1106 1965 1273 2046 παρανομῶ
1295 1957 1366 2023 καθ’
1385 1957 1544 2052 ἑκάτερον·

453 2070 520 2132 ούτε
535 2071 595 2161 γάρ
613 2071 824 2155 ἀντιποιοῦμαι
843 2067 883 2140 ῶς
899 2064 1083 2158 κληρονόμος
1097 2057 1138 2131 ὧν
1154 2065 1189 2131 οὐ
1207 2069 1295 2155 μετόν
1311 2068 1397 2158 ε’μοί,
1413 2072 1468 2137 καί
1486 2070 1549 2138 ε’πι·

452 2179 557 2265 μείνας
574 2174 723 2254 θεσπότης
739 2180 862 2269 γίνομαι
877 2184 932 2252 τῆς
948 2177 1032 2252 νηός.

501 2293 538 2354 Εἰ
560 2285 594 2355 θὲ
617 2287 733 2367 ζητεῖςις
752 2297 816 2365 πῶς
840 2288 854 2352 ό
877 2286 1036 2375 νομοθέτης
1058 2287 1093 2354 ού
1113 2286 1328 2384 προςθιῶριοεν
1348 2291 1396 2359 ε’πί
1419 2298 1474 2359 τοῦ
1490 2302 1547 2360 τῶν

452 2401 631 2492 ἀποκλήρων
649 2404 760 2490 νόμον,
785 2401 819 2466 τὸ
840 2401 937 2489 μόνως
957 2398 1051 2476 ούτως
1069 2401 1110 2488 μὴ
1132 2401 1269 2492 μετέχειν
1291 2412 1351 2469 τῶν
1371 2414 1544 2496 πατρικῶν,

453 2511 525 2577 ὅταν
543 2513 584 2588 ὡς
600 2513 832 2604 κληρονομήσων
849 2507 1014 2597 βιάζηται,
1035 2514 1154 2593 ζητήσω
1171 2514 1259 2603 κάγὼ
1275 2521 1338 2589 πῶς
1355 2517 1409 2581 καί
1429 2515 1476 2582 ἐπὶ
1494 2522 1546 2582 τοῦ

453 2622 657 2710 ἐπιμείναντος
668 2623 702 2689 ού
715 2618 929 2714 προςθιῶρισε,
943 2619 1055 2711 λέγων·
1074 2645 1088 2678 t<
1099 2621 1175 2693 πλὴν
1185 2623 1226 2710 μὴ
1241 2626 1318 2689 ἔστω
1331 2626 1503 2718 ἀπόκληρος
1514 2652 1543 2692 ν.

452 2714 525 2798 Ᾱλλ’
551 2733 647 2825 ὥςπερ
671 2732 708 2797 σὺ
732 2731 972 2823 ἀπολογούμενος
994 2737 1089 2808 εἴποις
1112 2731 1156 2797 ότι
1175 2733 1215 2809 ῶς
1238 2729 1328 2806 δῆλον
1346 2736 1543 2830 παρίλειψεν,

454 2841 530 2908 ούτω
547 2846 634 2936 κάγὼ
652 2838 886 2934 ἀποκρίνομαιθ.

487 3097 547 3147 'Ad
570 3099 591 3146 εἰ
613 3095 634 3146 θ’
653 3094 772 3146 subaudio
800 3097 931 3161 ἀντέχομαι
956 3111 987 3144 ex
1048 3096 1168 3148 'Schola
1182 3108 1209 3151 τὸ
1225 3109 1260 3164 μὴ
1276 3103 1546 3172 προςδιοιρίσθαι,όπιμ

452 3175 608 3242 praecedente
617 3173 728 3224 membro
740 3177 760 3224 εἶ
771 3180 813 3238 μιν
822 3180 875 3243 γάρ.
888 3175 988 3225 Prono-
1014 3178 1119 3239 ἒξεστίζον
1130 3181 1290 3242 μεθοδεύεται.

453 3270 508 3304 men
523 3256 606 3304 ἐκεῖνον
622 3253 702 3302 refero
718 3252 749 3302 ad
764 3255 860 3304 κλύδων.
874 3256 938 3303 Ante
955 3261 986 3304 τὰ
1047 3254 1143 3317 'Cod.,
1155 3260 1318 3327 ἀποκρίνωμαι
1332 3259 1427 3324 scripto
1444 3279 1457 3310 ο
1475 3275 1546 3325 super

453 3346 495 3392 τῆς
506 3338 621 3391 θαλάσσης
638 3331 721 3381 addidi
738 3338 808 3402 πρός.
1013 3334 1156 3398 penultima.
1169 3336 1210 3387 Sic
1224 3347 1404 3388 commutantur
1418 3338 1511 3406 ubique
1527 3358 1545 3388 ιι

486 3411 496 3437 ¹
506 3411 595 3462 Addidi
610 3419 636 3463 τί
645 3422 703 3477 post
717 3414 879 3477 ἐπιμείναντι,
890 3411 987 3463 favente
1015 3422 1040 3461 et
1049 3433 1071 3463 ο.
1083 3413 1213 3466 Gaetulicus
1221 3415 1296 3466 Anlh.
1309 3417 1337 3474 θ,
1351 3417 1399 3466 190
1409 3437 1416 3466 =
1426 3422 1544 3480 Δόξαν...

452 3491 493 3540 illa
502 3491 659 3542 omissionum
671 3491 734 3556 lege,
746 3491 777 3542 de
789 3508 837 3558 qua
849 3491 924 3543 modo
935 3490 985 3541 dixi
1014 3497 1063 3542 Καὶ
1081 3498 1187 3557 ψαιστῶν
1211 3495 1293 3559 ὀλίγον
1318 3497 1415 3564 δρᾶγμα
1432 3515 1545 3565 πινιχριι-

452 3586 479 3634 p.
496 3570 629 3630 144,ιι.4.
1015 3575 1074 3621 λέον.
1084 3572 1164 3622 Malim
1177 3574 1544 3640 ιιεσοροεὶόοωοιοεοτίίνετοι

486 3647 605 3697 ‘Schol.:
618 3651 687 3716 ἑτέρα
699 3649 791 3699 διάνοια
802 3654 844 3699 τοῦ
855 3651 935 3717 ἑτέρον
945 3653 987 3699 νό-
1015 3657 1119 3715 ψαιστῶν
1150 3653 1226 3717 ὀλίγον
1256 3655 1353 3722 δρᾶγμα
1379 3660 1545 3723 πενιχροιλόοιν.

452 3745 498 3790 μου
510 3733 549 3775 καὶ
562 3733 603 3776 τοῦ
614 3731 747 3791 νομοθέτου.
1014 3730 1179 3797 Subdisplicet
1203 3733 1338 3797 epithetum
1363 3748 1410 3783 ιιιο
1434 3733 1547 3799 quodque

486 3803 497 3829 ⁴
509 3804 609 3863 Codex,
622 3811 648 3861 ἥ.
661 3805 751 3868 Scripsi
769 3804 783 3862 ἦ
800 3804 906 3870 «utique
919 3824 942 3851 ν.
956 3806 987 3854 Et
1015 3809 1107 3858 nomini
1120 3809 1223 3861 affixum.
1238 3811 1308 3873 Quod
1318 3811 1357 3861 hin
1366 3827 1407 3863 me
1420 3812 1549 3863 delicatio-

452 3881 488 3932 sic
499 3881 561 3932 infra
571 3897 599 3946 p.
612 3883 667 3932 147.
681 3873 805 3942 Libanius,
821 3892 839 3933 t.
853 3883 873 3943 l,
885 3899 912 3948 p.
922 3884 983 3934 508:
1015 3903 1067 3938 rem
1080 3888 1159 3948 laedit,
1177 3889 1234 3939 alibi
1251 3892 1327 3941 seram
1340 3891 1437 3943 lubens.
1449 3891 1510 3942 Nam
1523 3891 1547 3941 in

452 3967 508 4012 τίνοι
529 3966 571 4025 μίν
591 3979 643 4022 τοι,
665 3967 719 4010 τίνα
742 3965 798 4010 θεῶν
818 3963 985 4022 αίτιατέονςῆ
1015 3966 1109 4016 illarum
1123 3981 1205 4017 rerum
1221 3967 1380 4020 levicularum
1393 3969 1488 4035 judicio
1500 3969 1547 4021 ali·

451 4046 541 4097 πάντας
559 4043 658 4104 ὁμοίως;
685 4039 819 4096 ἐκλιπόντας
839 4046 941 4110 ρρουρόιν
960 4044 986 4099 ἣν
1015 4043 1121 4109 quidest
1136 4046 1226 4095 morosi
1240 4061 1269 4095 ac
1282 4047 1549 4115 varii,nullaquelege

452 4122 548 4190 ῶριιλον
567 4129 597 4188 τῇ
614 4124 709 4185 γενναίᾳ
726 4122 854 4189 κεφαλῇ...
876 4120 956 4170 Malim
970 4121 985 4179 ἦ
1014 4122 1158 4186 regendum.
1173 4124 1228 4189 lpse
1244 4140 1316 4190 quam
1335 4124 1453 4176 Gaetulico
1467 4126 1548 4177 aufero

452 4205 540 4257 πάντας
558 4204 657 4264 ὁμοίως,
672 4199 748 4248 ίκλιπ.
765 4213 887 4263 «omnes,
901 4215 987 4249 omnes
1011 4201 1150 4265 juncturam
1157 4203 1242 4267 Anytae
1253 4204 1363 4254 dederim
1370 4204 1546 4266 Anth.⁷,6⁴e;

452 4275 534 4342 utique
546 4296 568 4325 ν.
582 4275 625 4326 Est
639 4278 663 4325 in
676 4277 822 4341 repetitione
835 4287 889 4328 τίνα
904 4286 985 4344 μέντοι
1014 4279 1045 4331 Ὠ
1055 4287 1143 4350 πάτερ,
1158 4280 1183 4333 ού
1198 4303 1235 4333 τοι
1246 4284 1281 4334 ἔτ’
1295 4286 1360 4348 εἰμί,
1374 4287 1448 4349 μύλας
1462 4285 1483 4336 δ’
1495 4287 1548 4350 ἐμὸν

453 4363 505 4405 τίνα
516 4361 571 4407 θεῶν
583 4355 671 4405 coloris
681 4355 774 4421 aliquid
783 4357 911 4408 Platonici.
924 4357 985 4408 Vide
1014 4359 1081 4425 ὄμμα
1092 4365 1205 4412 καλύπτει
1216 4358 1277 4419 Ἤδη
1288 4364 1448 4433 ἄπορθιμλνης
1459 4370 1548 4421 κνοίνεος

453 4448 479 4481 n.
493 4432 526 4481 ad
535 4432 644 4483 Aristaen.
661 4450 688 4497 p.
703 4436 763 4483 632.
1014 4444 1120 4496 θάνατος.
1129 4439 1180 4489 Non
1189 4439 1378 4492 ιοίοτοοῑοτίιίοί
1386 4442 1478 4508 duplex
1486 4458 1548 4493 mor·
