3684 5659
735 593 891 654 aalma
917 581 966 653 ιι’.
1330 589 1397 660 too

349 728 440 803 Τέλος
465 723 715 813 διασκοπουμένῳ
740 723 838 791 ἐδόκει
863 724 1030 815 ἀποδημεῖν
1052 732 1103 794 καὶ
1127 729 1283 821 ἐμπορίαις
1306 756 1399 822 προς-

297 838 441 927 ανέχειν,
469 838 559 902 τόπον
583 835 615 900 ἐκ
637 837 729 900 τόπου
752 831 937 928 διερχομένῳ
963 841 1014 903 καί
1036 835 1230 927 διατιθεμένῳ
1253 843 1291 905 τόι
1309 846 1396 905 ὥνια.

297 943 440 1019 Κάπειδή
458 947 542 1013 πλεῖν
562 942 624 1011 δεῖν
642 948 759 1033 ᾠήθην,
781 953 952 1035 σκοποῦμαι
972 953 1135 1015 καὶτοῦτο
1157 949 1226 1015 κατ’
1251 951 1396 1038 ἐμαυτόν,

297 1061 342 1136 ὡς
362 1058 487 1134 πολλοῖς
509 1059 528 1129 a
549 1057 628 1144 τύχη
653 1060 705 1121 καὶ
727 1057 841 1145 μᾶλλον
864 1058 910 1123 έπί
936 1061 1093 1135 θαλάσσης
1116 1060 1268 1145 ἐπένευσε,
1295 1065 1346 1126 καὶ
1371 1060 1400 1138 ε”ξ

298 1172 423 1263 ἀπόρων
449 1164 608 1260 είνπόρονς1
631 1167 716 1243 εὐθὺς
739 1164 866 1253 ἔδειξεν,
891 1167 1129 1262 ἀνδρισαμένους
1147 1175 1185 1236 τόι
1208 1174 1310 1237 εἰκότα
1327 1175 1401 1265 πρὸς

299 1276 474 1356 κλύδωνας.
495 1303 510 1337 (ι
525 1281 562 1342 Εἰ
578 1278 646 1353 νηὸς
665 1276 775 1361 ἐπιθῶ,
796 1282 860 1343 ἔστι
879 1278 931 1366 μὲν
949 1281 1001 1345 καί
1020 1284 1222 1370 περαιωθῆναι
1241 1274 1275 1346 οὗ
1292 1279 1401 1365 βούλο-

300 1408 378 1479 μαι·
406 1394 472 1455 ἔστι
496 1385 548 1473 δέ,
569 1389 620 1453 καί
647 1393 699 1453 τοῦ
724 1386 911 1465 Ποσειδῶνος
935 1393 1131 1478 μηνίσαντος,
1160 1394 1211 1456 καί
1237 1392 1324 1457 πλέον
1347 1399 1399 1457 τοῦ

300 1501 419 1576 εἰκότος
439 1495 660 1591 ανδρίσασθαι.
681 1500 740 1562 Καί
760 1505 853 1583 ἴσως,
874 1509 933 1564 τῶν
951 1501 1050 1566 ἄλλων
1069 1496 1273 1591 διαδροίντων,
1296 1500 1346 1588 ἐμὲ
1364 1511 1399 1589 τῇ

300 1606 545 1698 κλυδωνιζομένῃ
564 1607 712 1695 ἐπιμεῖναι
730 1610 795 1692 νηί,
815 1611 867 1674 καί
886 1620 1078 1703 παραχρῆμα
1095 1611 1113 1681 ἦ
1130 1611 1224 1701 ταύτῃ
1242 1636 1400 1702 συγκατα-

301 1716 456 1808 δὺσομαι,
475 1719 495 1790 ἢ
512 1718 690 1801 πλουτήσει,
709 1724 762 1783 τοῦ
780 1721 871 1806 νόμου
889 1720 1059 1797 κελεύοντος
1075 1749 1102 1786 ν.

350 1830 484 1905 Τούτους
508 1832 587 1917 ἔχων
612 1826 681 1904 τοὺς
705 1829 885 1920 λογισμούς,
913 1831 1070 1896 ἐπιθαίνω.
1097 1835 1154 1897 Καί
1181 1834 1213 1896 τό
1238 1833 1340 1898 πλοῖον
1365 1830 1400 1905 ἦν

300 1942 463 2033 πατρικόν.
480 1921 554 2004 Ᾰλλ’
571 1938 650 2027 ὅμως
664 1941 704 2014 ὡς
718 1936 810 2027 μηδὲν
824 1946 991 2032 προςηκων,
1009 1942 1088 2008 οὶλλόι
1101 1946 1182 2009 κατὰ
1195 1943 1263 2017 τοὺς
1275 1943 1398 2028 ἄλλους,

301 2053 344 2128 ὡς
367 2048 449 2129 ξένος
472 2052 524 2115 καί
549 2046 661 2138 κομιδῆ
684 2076 729 2127 τις
752 2051 927 2142 υῖλλότριος,
953 2051 1046 2129 οὕτως
1067 2062 1156 2125 συνῆν
1177 2064 1240 2130 τοῖς
1260 2052 1398 2146 έτέροιςὲ,

302 2158 399 2250 μηδὲν
415 2161 687 2252 πολυπραγμονῶν,
706 2162 748 2249 μη
765 2164 810 2237 τίς
828 2164 842 2226 ὁ
861 2165 968 2254 φόρτος
985 2167 1037 2229 καὶ
1056 2167 1210 2230 τίνωνκαὶ
1229 2165 1275 2230 ἐπί
1294 2168 1340 2249 τί,
1361 2166 1401 2252 μη

302 2278 379 2352 τίνες
401 2274 429 2339 οί
451 2272 630 2357 ε’πιστοίτοιι,
655 2273 697 2360 μὴ
719 2281 782 2349 πῶς
799 2273 904 2339 ἐκεῖνοι
922 2278 975 2340 καὶ
996 2275 1067 2364 οὐχί
1083 2301 1158 2350 τινες
1176 2274 1286 2366 ἕτεροι·
1310 2272 1402 2362 μηδὲν

303 2385 422 2477 ἐρωτῶν
440 2385 506 2475 περί
527 2388 579 2448 τοῦ
597 2384 750 2471 κτωμένου
771 2385 823 2454 τὴν
850 2391 940 2469 ναῦν,
968 2389 992 2449 εί
1015 2385 1142 2472 εὐμενῶς
1163 2385 1350 2472 ἀπέπεμπεν,
1377 2390 1401 2450 εἰ

303 2492 477 2579 δυςκόλως,
503 2496 528 2558 εἰ
550 2495 653 2581 μνείαν
676 2496 748 2581 ἔσχε
770 2496 869 2581 κάμοῦ
890 2491 1002 2581 μεταξὺ
1025 2497 1065 2558 τὰ
1086 2493 1114 2568 ἐς
1131 2494 1222 2558 πλόον
1239 2493 1403 2581 ἑτοιμαζό-

303 2632 404 2697 μενος.
432 2611 498 2671 Κᾶν
521 2606 567 2681 τίς
589 2604 708 2670 ἐκείνοιν
731 2608 796 2697 περί
823 2605 893 2692 ἐμοῦ
917 2606 991 2696 πρὸς
1013 2607 1063 2670 τόν
1084 2605 1208 2675 πλησίον
1229 2606 1350 2695 ἠρώτα,
1378 2609 1402 2669 εἰ

303 2710 392 2795 οὗτος
407 2717 474 2792 υἱός
491 2715 621 2798 ἐκείνου,
644 2717 659 2780 ὁ
679 2714 752 2804 χθὲς
769 2718 821 2781 καί
840 2718 942 2807 πρώην
959 2719 1135 2804 ἀτιμωθείς·
1157 2718 1209 2780 καὶ
1229 2724 1292 2791 πῶς
1309 2712 1402 2790 οὕτως

339 3002 423 3055 'cod
440 3005 556 3071 ἀπόρους,
575 3000 732 3067 permutatis,
747 3010 774 3050 ut
790 2999 842 3049 fieri
871 3001 898 3049 ln
919 3001 969 3048 alio
992 3001 1076 3050 codice
1096 3010 1164 3048 recte
1186 3000 1303 3064 scriptum
1324 3000 1404 3065 reperi

304 3080 580 3148 amat,ayllabiaoeev.
599 3080 743 3130 Aristoteles
762 3079 843 3145 Epist.
870 3084 1083 3146 τραυματίζεσθαι.
1113 3078 1191 3140 Quum
1224 3094 1271 3126 non
1304 3079 1403 3126 omnino

306 3164 419 3211 θεααλον
430 3167 471 3211 καί
481 3162 570 3209 δίκαιόν
580 3162 629 3208 ἐστι
640 3165 731 3216 πάντας
739 3166 782 3224 μὲν
792 3164 844 3215 τοὺς
871 3165 969 3204 careant
990 3155 1126 3219 elegantia,
1149 3172 1192 3205 eoa
1212 3166 1325 3220 repetere
1346 3155 1406 3204 tibet

306 3243 455 3303 ἀτυχοῦντας
475 3240 554 3288 ilceto.
578 3235 682 3287 Codices
707 3238 770 3297 duo,
793 3241 844 3293 τοὺς
871 3234 944 3298 paulo
964 3233 1258 3298 οπιοιιόιιῑίοιοειοίμοιί
1277 3235 1328 3282 καθ’
1340 3237 1404 3297 ἡμῶν

307 3320 407 3379 ἀναξίοις
418 3316 583 3382 εὖτινχσῖνντοις·
598 3314 660 3363 alter
670 3314 768 3380 quidem
783 3318 845 3365 ἁνα-
870 3318 909 3360 καί
928 3316 997 3362 πάλιν
1018 3319 1048 3362 τὰ
1065 3317 1172 3380 πυργόρα
1187 3317 1275 3375 Πέμπει
1290 3315 1404 3380 ρλογίςων

307 3402 373 3457 ξίοις,
387 3395 433 3447 scd
454 3395 590 3460 collapsus
612 3392 698 3442 calami
718 3410 764 3458 pro
785 3397 844 3443 ἀνα·
872 3393 974 3458 καρδιῶν
994 3395 1006 3440 ὁ
1024 3395 1120 3448 τοξότης
1136 3390 1192 3444 Βέλη
1205 3426 1211 3444 ,
1226 3395 1256 3438 τὰ
1272 3395 1345 3455 πικρὰ
1364 3396 1404 3437 καὶ

307 3480 372 3535 είιις.
395 3472 559 3525 Scribendum
581 3472 680 3530 ἀναξίως
696 3475 768 3537 ἀτυχ.
786 3473 845 3521 Nam
870 3475 964 3534 μέλιτος
977 3469 1035 3525 ἡδίω
1048 3468 1149 3530 (legerat
1164 3466 1229 3530 apud
1242 3465 1404 3530 Meleagrum,

307 3556 390 3619 εὗτνχ.
411 3554 509 3617 integro
529 3550 586 3601 loco
603 3566 652 3599 non
673 3550 798 3599 convenit.
818 3551 845 3600 ln
872 3556 898 3598 τὸ
915 3550 1067 3613 γλυκύπικρον
1081 3542 1184 3613 Ἔρωτος
1202 3542 1292 3613 βέλος),
1305 3549 1361 3600 aem
1374 3551 1405 3595 τὰ

308 3644 451 3685 transcursu
467 3632 584 3682 lacunam
601 3628 673 3678 allam
687 3639 762 3678 oextae
783 3629 846 3678 inter
872 3628 937 3676 δεινὰ
950 3630 990 3674 καί
1002 3629 1097 3674 ποθεινὰ
1111 3634 1140 3692 τῇ
1154 3622 1334 3688 νόσῳ.Ἔστηκα
1348 3626 1406 3691 βλη-

309 3710 479 3761 Aristotelicas
490 3708 615 3773 epistotae,
625 3724 679 3773 quae
692 3722 746 3757 cssc
758 3706 847 3757 dicitur
872 3710 929 3762 θείς,
940 3707 1045 3769 ἐξερύσαι
1054 3704 1075 3752 δ’
1089 3703 1115 3752 οὗ
1125 3706 1192 3752 θέλω.
1203 3698 1263 3751 Ὠθῶ
1273 3703 1322 3751 καθ’
1334 3701 1407 3752 αὑτοῦ

309 3789 433 3855 Philippi,
451 3786 554 3854 replebo
567 3807 574 3836 ι
587 3792 649 3851 ἡμᾶς
662 3787 847 3855 ἂρροντιστοίνν-
872 3792 898 3834 τό
918 3791 995 3852 ξίφος,
1017 3789 1091 3833 θανεῖν
1110 3786 1175 3833 otta.
1188 3786 1254 3831 Ποθῶ
1271 3784 1405 3849 φλέγεσθαι,

311 3889 354 3927 τας
364 3874 407 3919 τοῦ
417 3870 489 3917 καλοῦ
501 3869 639 3930 ἀναγκάσεις
650 3872 738 3915 καὶτὸν
751 3876 797 3916 τῶν
806 3884 850 3912 κα·
872 3867 1075 3930 τραυματίζεσθαι
1088 3865 1167 3911 πλέον.
1181 3856 1212 3910 Ὠ
1231 3861 1296 3909 δεινὰ
1312 3861 1391 3909 δεινῶν
1403 3863 1408 3908 !

311 3951 355 3997 λῶν
372 3948 548 4010 ἇναλαμθάνιιν
567 3948 644 4005 ζῆλον.
658 3943 763 3994 Codices
782 3954 846 4004 tres,
872 3952 939 3992 ποῖον
952 3939 1015 4008 ὕδωρ
1032 3951 1074 3998 τὴν
1087 3945 1160 4009 ρλόγα
1174 3940 1266 3997 actum
1281 3946 1308 3988 τὸ
1326 3945 1407 4004 πικρὸν

311 4029 381 4077 καλοῦ
390 4028 443 4076 καθ’
456 4024 593 4091 ὖπερὸολήν.
872 4032 938 4070 ποῖον
955 4022 1042 4068 ἑλκύσει
1065 4020 1143 4088 βέλοςς
1156 4017 1235 4084 Ὗδωρ
1251 4023 1277 4065 τὸ
1296 4022 1333 4063 τὸν
1351 4023 1406 4076 ζῶν,

345 4102 464 4155 ’Forsan
485 4106 589 4172 ίταίροις
605 4117 650 4165 pto
671 4103 768 4168 ἑτέροις.
789 4099 848 4149 Pcr—
873 4103 1032 4167 Χριστέμου,
1047 4104 1086 4145 καί
1102 4105 1139 4152 τος
1155 4100 1229 4157 λόγος.
1242 4100 1348 4159 Χρῆσαι,
1364 4098 1408 4141 λυ-

312 4183 414 4233 mutatic
426 4181 546 4231 vocalium
559 4200 586 4229 οιι
597 4179 645 4229 t'in
661 4177 711 4228 illis
724 4176 848 4226 vocabulis
873 4184 968 4246 τρωτοί,
978 4181 1095 4239 συντόμως
1104 4184 1153 4230 τοῖς
1165 4177 1302 4241 φαρμάκοις.
1315 4171 1408 4225 simite.

312 4260 404 4326 panim
425 4258 536 4319 obtinet,
555 4268 581 4307 at
602 4258 627 4307 in
650 4255 783 4306 infinitivis.
806 4255 848 4305 Vir
873 4273 902 4306 ac
916 4254 1004 4303 melius
1017 4252 1166 4317 epigramma
1180 4249 1235 4298 vide
1250 4248 1275 4297 in
1293 4249 1357 4298 notis
1378 4249 1408 4299 ad

314 4324 382 4393 doct.
404 4340 429 4389 in
449 4336 544 4389 Anecd.
568 4337 643 4387 Paris.
664 4347 682 4386 t.
702 4335 743 4394 IV,
759 4352 784 4401 p.
799 4337 847 4385 ata
874 4332 1012 4384 Philostrati
1024 4329 1145 4396 Epistulas
1156 4345 1181 4395 p.
1194 4327 1303 4378 licetin
1315 4328 1409 4378 Anecd.

315 4432 397 4469 venua
410 4414 488 4467 edidit
498 4415 540 4467 ubi
556 4419 758 4483 τραυματίζεσθε,
775 4414 847 4464 male.
875 4413 951 4462 Paris.
966 4422 983 4461 t.
999 4410 1038 4471 tv,
1050 4427 1075 4476 p.
1092 4410 1149 4458 348.
