<?xml version="1.0" encoding="UTF-8"?>
<!DOCTYPE html PUBLIC "-//W3C//DTD XHTML 1.0 Transitional//EN"
    "http://www.w3.org/TR/xhtml1/DTD/xhtml1-transitional.dtd">
<html xmlns="http://www.w3.org/1999/xhtml" xml:lang="en" lang="en">
 <head>
  <title>
</title>
<meta http-equiv="Content-Type" content="text/html;charset=utf-8" />
  <meta name='ocr-system' content='tesseract 3.04.00' />
  <meta name='ocr-capabilities' content='ocr_page ocr_carea ocr_par ocr_line ocrx_word'/>
</head>
<body>
  <div class='ocr_page' id='page_1' title='image "./gpachymerisdecl00hiergoog_0277.png"; bbox 0 0 3684 5659; ppageno 0'>
   <div class='ocr_carea' id='block_1_1' title="bbox 794 632 1457 708">
    <p class='ocr_par' dir='ltr' id='par_1_1' title="bbox 794 632 1457 708">
     <span class='ocr_line' id='line_1_1' title="bbox 794 632 1457 708; baseline 0.009 -6"><span class='ocrx_word' id='word_1_1' title='bbox 794 642 952 703; x_wconf 85' lang='grc' dir='ltr'>ΜΕΛΕΤΗ</span> <span class='ocrx_word' id='word_1_2' title='bbox 977 632 1038 704; x_wconf 80' lang='lat' dir='ltr'>tr&#39;.</span> <span class='ocrx_word' id='word_1_3' title='bbox 1392 642 1457 708; x_wconf 59' lang='grc' dir='ltr'>ί»351</span> 
     </span>
    </p>
   </div>
   <div class='ocr_carea' id='block_1_2' title="bbox 345 756 1469 2287">
    <p class='ocr_par' dir='ltr' id='par_1_2' title="bbox 345 756 1469 2287">
     <span class='ocr_line' id='line_1_2' title="bbox 372 756 1466 865; baseline 0.003 -25"><span class='ocrx_word' id='word_1_4' title='bbox 372 777 546 851; x_wconf 87' lang='grc' dir='ltr'>κάκείνους.</span> <span class='ocrx_word' id='word_1_5' title='bbox 562 756 634 839; x_wconf 81' lang='grc' dir='ltr'>Ᾰλλ’</span> <span class='ocrx_word' id='word_1_6' title='bbox 649 773 734 863; x_wconf 81' lang='grc' dir='ltr'>ὑμεῖς</span> <span class='ocrx_word' id='word_1_7' title='bbox 748 773 800 861; x_wconf 84' lang='grc' dir='ltr'>μὲν</span> <span class='ocrx_word' id='word_1_8' title='bbox 815 769 915 849; x_wconf 96' lang='grc' dir='ltr'>δόξετε</span> <span class='ocrx_word' id='word_1_9' title='bbox 930 780 1103 861; x_wconf 87' lang='grc' dir='ltr'>κτείνοντες,</span> <span class='ocrx_word' id='word_1_10' title='bbox 1113 811 1159 826; x_wconf 91' lang='grc'>-</span> <span class='ocrx_word' id='word_1_11' title='bbox 1173 777 1240 843; x_wconf 85' lang='grc' dir='ltr'>ἀλλ’</span> <span class='ocrx_word' id='word_1_12' title='bbox 1255 775 1304 840; x_wconf 85' lang='grc' dir='ltr'>ού1</span> <span class='ocrx_word' id='word_1_13' title='bbox 1317 774 1466 865; x_wconf 86' lang='grc' dir='ltr'>βούλομαι</span> 
     </span>
     <span class='ocr_line' id='line_1_3' title="bbox 371 883 1464 979; baseline 0.002 -29"><span class='ocrx_word' id='word_1_14' title='bbox 371 885 471 977; x_wconf 89' lang='grc' dir='ltr'>λέγειν</span> <span class='ocrx_word' id='word_1_15' title='bbox 489 887 657 977; x_wconf 79' lang='grc' dir='ltr'>ἀρχόμενος</span> <span class='ocrx_word' id='word_1_16' title='bbox 672 892 725 950; x_wconf 87' lang='grc' dir='ltr'>τού</span> <span class='ocrx_word' id='word_1_17' title='bbox 742 887 833 979; x_wconf 93' lang='grc' dir='ltr'>λόγου</span> <span class='ocrx_word' id='word_1_18' title='bbox 852 883 938 952; x_wconf 78' lang='grc' dir='ltr'>οὐδὲν</span> <span class='ocrx_word' id='word_1_19' title='bbox 955 887 1086 977; x_wconf 81' lang='grc' dir='ltr'>ἐπαχθές</span> <span class='ocrx_word' id='word_1_20' title='bbox 1098 925 1147 936; x_wconf 92' lang='grc'>-</span> <span class='ocrx_word' id='word_1_21' title='bbox 1165 889 1269 953; x_wconf 82' lang='grc' dir='ltr'>ἐκεῖνοι</span> <span class='ocrx_word' id='word_1_22' title='bbox 1289 884 1322 952; x_wconf 79' lang='grc' dir='ltr'>δὲ</span> <span class='ocrx_word' id='word_1_23' title='bbox 1339 889 1395 953; x_wconf 85' lang='grc' dir='ltr'>κάν</span> <span class='ocrx_word' id='word_1_24' title='bbox 1413 892 1464 952; x_wconf 89' lang='grc' dir='ltr'>καὶ</span> 
     </span>
     <span class='ocr_line' id='line_1_4' title="bbox 372 990 1468 1091; baseline -0.001 -30"><span class='ocrx_word' id='word_1_25' title='bbox 372 1001 618 1088; x_wconf 81' lang='grc' dir='ltr'>παρανομοῦντες</span> <span class='ocrx_word' id='word_1_26' title='bbox 636 1000 781 1081; x_wconf 83' lang='grc' dir='ltr'>ἔκτειναν,</span> <span class='ocrx_word' id='word_1_27' title='bbox 802 997 868 1062; x_wconf 90' lang='grc' dir='ltr'>ἀλλ’</span> <span class='ocrx_word' id='word_1_28' title='bbox 889 990 939 1061; x_wconf 82' lang='grc' dir='ltr'>ούν</span> <span class='ocrx_word' id='word_1_29' title='bbox 957 1002 998 1074; x_wconf 85' lang='grc' dir='ltr'>εἰς</span> <span class='ocrx_word' id='word_1_30' title='bbox 1018 996 1123 1091; x_wconf 91' lang='grc' dir='ltr'>κέρδος</span> <span class='ocrx_word' id='word_1_31' title='bbox 1141 1002 1258 1069; x_wconf 78' lang='grc' dir='ltr'>ἀπόντα</span> <span class='ocrx_word' id='word_1_32' title='bbox 1277 999 1311 1061; x_wconf 85' lang='grc' dir='ltr'>τὸ</span> <span class='ocrx_word' id='word_1_33' title='bbox 1328 999 1468 1087; x_wconf 88' lang='grc' dir='ltr'>παρανό-</span> 
     </span>
     <span class='ocr_line' id='line_1_5' title="bbox 373 1102 1467 1200; baseline 0 -28"><span class='ocrx_word' id='word_1_34' title='bbox 373 1133 480 1195; x_wconf 88' lang='grc' dir='ltr'>μημα,</span> <span class='ocrx_word' id='word_1_35' title='bbox 508 1110 560 1172; x_wconf 84' lang='grc' dir='ltr'>καὶ</span> <span class='ocrx_word' id='word_1_36' title='bbox 584 1107 618 1170; x_wconf 88' lang='grc' dir='ltr'>τό</span> <span class='ocrx_word' id='word_1_37' title='bbox 642 1102 743 1171; x_wconf 78' lang='grc' dir='ltr'>δοκεῖν</span> <span class='ocrx_word' id='word_1_38' title='bbox 765 1103 892 1183; x_wconf 83' lang='grc' dir='ltr'>δικαίως</span> <span class='ocrx_word' id='word_1_39' title='bbox 911 1117 1034 1199; x_wconf 80' lang='grc' dir='ltr'>προςήν.</span> <span class='ocrx_word' id='word_1_40' title='bbox 1053 1114 1123 1174; x_wconf 86' lang='grc' dir='ltr'>Είτε</span> <span class='ocrx_word' id='word_1_41' title='bbox 1143 1111 1203 1200; x_wconf 85' lang='grc' dir='ltr'>γὰρ</span> <span class='ocrx_word' id='word_1_42' title='bbox 1220 1107 1406 1200; x_wconf 78' lang='grc' dir='ltr'>προύθάλετό</span> <span class='ocrx_word' id='word_1_43' title='bbox 1423 1132 1467 1182; x_wconf 89' lang='grc' dir='ltr'>τις</span> 
     </span>
     <span class='ocr_line' id='line_1_6' title="bbox 372 1208 1467 1309; baseline 0.001 -28"><span class='ocrx_word' id='word_1_44' title='bbox 372 1219 412 1282; x_wconf 89' lang='grc' dir='ltr'>τά</span> <span class='ocrx_word' id='word_1_45' title='bbox 437 1220 616 1309; x_wconf 79' lang='grc' dir='ltr'>φθάσαντα,</span> <span class='ocrx_word' id='word_1_46' title='bbox 642 1218 694 1287; x_wconf 75' lang='grc' dir='ltr'>τὴν</span> <span class='ocrx_word' id='word_1_47' title='bbox 710 1224 762 1283; x_wconf 80' lang='grc' dir='ltr'>τοῦ</span> <span class='ocrx_word' id='word_1_48' title='bbox 787 1214 909 1283; x_wconf 79' lang='grc' dir='ltr'>δικαίου</span> <span class='ocrx_word' id='word_1_49' title='bbox 933 1216 1016 1295; x_wconf 81' lang='grc' dir='ltr'>τάξιν</span> <span class='ocrx_word' id='word_1_50' title='bbox 1039 1217 1241 1308; x_wconf 74' lang='grc' dir='ltr'>ἐλάμθαυον’·</span> <span class='ocrx_word' id='word_1_51' title='bbox 1267 1208 1387 1306; x_wconf 85' lang='grc' dir='ltr'>ἀμύνειν</span> <span class='ocrx_word' id='word_1_52' title='bbox 1407 1221 1467 1309; x_wconf 89' lang='grc' dir='ltr'>γάρ</span> 
     </span>
     <span class='ocr_line' id='line_1_7' title="bbox 372 1324 1468 1420; baseline 0.002 -29"><span class='ocrx_word' id='word_1_53' title='bbox 372 1328 424 1392; x_wconf 86' lang='grc' dir='ltr'>τὸν</span> <span class='ocrx_word' id='word_1_54' title='bbox 440 1326 586 1403; x_wconf 82' lang='grc' dir='ltr'>πολλάκις</span> <span class='ocrx_word' id='word_1_55' title='bbox 604 1325 799 1418; x_wconf 83' lang='grc' dir='ltr'>κατάρξαντα</span> <span class='ocrx_word' id='word_1_56' title='bbox 817 1324 954 1394; x_wconf 91' lang='grc' dir='ltr'>δίκαιον·</span> <span class='ocrx_word' id='word_1_57' title='bbox 975 1337 1033 1395; x_wconf 86' lang='grc' dir='ltr'>εἴτε</span> <span class='ocrx_word' id='word_1_58' title='bbox 1051 1333 1177 1401; x_wconf 72' lang='grc' dir='ltr'>τὴντῶν</span> <span class='ocrx_word' id='word_1_59' title='bbox 1195 1329 1359 1417; x_wconf 77' lang='grc' dir='ltr'>μελλόντων</span> <span class='ocrx_word' id='word_1_60' title='bbox 1375 1354 1468 1420; x_wconf 92' lang='grc' dir='ltr'>προς-</span> 
     </span>
     <span class='ocr_line' id='line_1_8' title="bbox 373 1431 1468 1528; baseline 0.001 -28"><span class='ocrx_word' id='word_1_61' title='bbox 373 1432 482 1501; x_wconf 90' lang='grc' dir='ltr'>δοκίαν</span> <span class='ocrx_word' id='word_1_62' title='bbox 505 1438 557 1501; x_wconf 84' lang='grc' dir='ltr'>καί</span> <span class='ocrx_word' id='word_1_63' title='bbox 581 1431 625 1512; x_wconf 86' lang='grc' dir='ltr'>οἷς</span> <span class='ocrx_word' id='word_1_64' title='bbox 647 1433 678 1512; x_wconf 82' lang='grc' dir='ltr'>ἐξ</span> <span class='ocrx_word' id='word_1_65' title='bbox 701 1439 837 1528; x_wconf 87' lang='grc' dir='ltr'>ἀνάγκης</span> <span class='ocrx_word' id='word_1_66' title='bbox 857 1438 947 1502; x_wconf 90' lang='grc' dir='ltr'>πάλιν</span> <span class='ocrx_word' id='word_1_67' title='bbox 968 1435 1102 1523; x_wconf 63' lang='grc' dir='ltr'>παθεῖν’,</span> <span class='ocrx_word' id='word_1_68' title='bbox 1126 1441 1178 1510; x_wconf 79' lang='grc' dir='ltr'>τὴν</span> <span class='ocrx_word' id='word_1_69' title='bbox 1196 1445 1248 1503; x_wconf 85' lang='grc' dir='ltr'>τοῦ</span> <span class='ocrx_word' id='word_1_70' title='bbox 1270 1438 1468 1528; x_wconf 75' lang='grc' dir='ltr'>συμφέροντος</span> 
     </span>
     <span class='ocr_line' id='line_1_9' title="bbox 345 1530 1467 1641; baseline 0.001 -30"><span class='ocrx_word' id='word_1_71' title='bbox 345 1621 348 1625; x_wconf 40' lang='grc'>,</span> <span class='ocrx_word' id='word_1_72' title='bbox 372 1545 595 1637; x_wconf 74' lang='grc' dir='ltr'>ἀπηνέγκαντο.</span> <span class='ocrx_word' id='word_1_73' title='bbox 618 1530 644 1611; x_wconf 77' lang='grc' dir='ltr'><strong><em>ὁ</em></strong></span> <span class='ocrx_word' id='word_1_74' title='bbox 665 1549 724 1640; x_wconf 92' lang='grc' dir='ltr'>γάρ</span> <span class='ocrx_word' id='word_1_75' title='bbox 741 1544 913 1639; x_wconf 84' lang='grc' dir='ltr'>προςδοκῶν</span> <span class='ocrx_word' id='word_1_76' title='bbox 927 1553 1012 1641; x_wconf 91' lang='grc' dir='ltr'>παρά</span> <span class='ocrx_word' id='word_1_77' title='bbox 1024 1574 1076 1614; x_wconf 91' lang='grc' dir='ltr'>του</span> <span class='ocrx_word' id='word_1_78' title='bbox 1093 1553 1198 1614; x_wconf 83' lang='grc' dir='ltr'>παθεῖν</span> <span class='ocrx_word' id='word_1_79' title='bbox 1221 1551 1371 1641; x_wconf 89' lang='grc' dir='ltr'>περιόντος</span> <span class='ocrx_word' id='word_1_80' title='bbox 1388 1545 1467 1624; x_wconf 84' lang='grc' dir='ltr'>δόξει</span> 
     </span>
     <span class='ocr_line' id='line_1_10' title="bbox 373 1655 1467 1750; baseline -0.001 -28"><span class='ocrx_word' id='word_1_81' title='bbox 373 1658 643 1750; x_wconf 81' lang='grc' dir='ltr'>πραγματεύεσθαι</span> <span class='ocrx_word' id='word_1_82' title='bbox 666 1660 699 1724; x_wconf 89' lang='grc' dir='ltr'>τό</span> <span class='ocrx_word' id='word_1_83' title='bbox 723 1669 878 1743; x_wconf 91' lang='grc' dir='ltr'>συνοῖσον,</span> <span class='ocrx_word' id='word_1_84' title='bbox 904 1663 929 1723; x_wconf 86' lang='grc' dir='ltr'>εἰ</span> <span class='ocrx_word' id='word_1_85' title='bbox 952 1655 1207 1731; x_wconf 87' lang='grc' dir='ltr'>έκποδὼνποιοίη</span> <span class='ocrx_word' id='word_1_86' title='bbox 1230 1661 1280 1725; x_wconf 90' lang='grc' dir='ltr'>τόν</span> <span class='ocrx_word' id='word_1_87' title='bbox 1301 1666 1410 1723; x_wconf 86' lang='grc' dir='ltr'>αίτιον.</span> <span class='ocrx_word' id='word_1_88' title='bbox 1430 1663 1467 1722; x_wconf 83' lang='lat' dir='ltr'>Ei</span> 
     </span>
     <span class='ocr_line' id='line_1_11' title="bbox 373 1762 1469 1863; baseline 0.004 -31"><span class='ocrx_word' id='word_1_89' title='bbox 373 1762 427 1852; x_wconf 89' lang='grc' dir='ltr'>δέ,</span> <span class='ocrx_word' id='word_1_90' title='bbox 459 1771 606 1834; x_wconf 89' lang='grc' dir='ltr'>κακείνων</span> <span class='ocrx_word' id='word_1_91' title='bbox 635 1768 850 1834; x_wconf 85' lang='grc' dir='ltr'>ἀπολυσόντων</span> <span class='ocrx_word' id='word_1_92' title='bbox 878 1773 962 1862; x_wconf 86' lang='grc' dir='ltr'>παρὰ</span> <span class='ocrx_word' id='word_1_93' title='bbox 994 1774 1082 1858; x_wconf 91' lang='grc' dir='ltr'>μόνον</span> <span class='ocrx_word' id='word_1_94' title='bbox 1111 1774 1145 1836; x_wconf 89' lang='grc' dir='ltr'>τὸ</span> <span class='ocrx_word' id='word_1_95' title='bbox 1173 1773 1214 1858; x_wconf 74' lang='grc' dir='ltr'>μὴ</span> <span class='ocrx_word' id='word_1_96' title='bbox 1244 1781 1390 1863; x_wconf 76' lang='grc' dir='ltr'>φανῆναι,</span> <span class='ocrx_word' id='word_1_97' title='bbox 1424 1768 1469 1847; x_wconf 84' lang='grc' dir='ltr'>οἷς</span> 
     </span>
     <span class='ocr_line' id='line_1_12' title="bbox 372 1876 1469 1970; baseline 0.003 -26"><span class='ocrx_word' id='word_1_98' title='bbox 372 1876 573 1968; x_wconf 80' lang='grc' dir='ltr'>ὑπισχνοῦντο</span> <span class='ocrx_word' id='word_1_99' title='bbox 596 1879 674 1945; x_wconf 80' lang='grc' dir='ltr'>λύειν</span> <span class='ocrx_word' id='word_1_100' title='bbox 700 1881 864 1967; x_wconf 80' lang='grc' dir='ltr'>μαθόντες,</span> <span class='ocrx_word' id='word_1_101' title='bbox 895 1883 1059 1967; x_wconf 83' lang='grc' dir='ltr'>ἀπίστους,</span> <span class='ocrx_word' id='word_1_102' title='bbox 1088 1883 1122 1947; x_wconf 88' lang='grc' dir='ltr'>τό</span> <span class='ocrx_word' id='word_1_103' title='bbox 1149 1877 1368 1958; x_wconf 82' lang='grc' dir='ltr'>καταδικάζειν</span> <span class='ocrx_word' id='word_1_104' title='bbox 1390 1881 1469 1970; x_wconf 80' lang='grc' dir='ltr'>ὑμᾶς</span> 
     </span>
     <span class='ocr_line' id='line_1_13' title="bbox 372 1987 1468 2081; baseline 0.002 -27"><span class='ocrx_word' id='word_1_105' title='bbox 372 1990 487 2062; x_wconf 84' lang='grc' dir='ltr'>ὁπόσην</span> <span class='ocrx_word' id='word_1_106' title='bbox 502 1991 553 2061; x_wconf 76' lang='grc' dir='ltr'>τὴν</span> <span class='ocrx_word' id='word_1_107' title='bbox 567 1993 660 2081; x_wconf 79' lang='grc' dir='ltr'>ῥοπὴν</span> <span class='ocrx_word' id='word_1_108' title='bbox 675 1994 739 2078; x_wconf 83' lang='grc' dir='ltr'>ἔχει</span> <span class='ocrx_word' id='word_1_109' title='bbox 753 1991 826 2081; x_wconf 89' lang='grc' dir='ltr'>πρός</span> <span class='ocrx_word' id='word_1_110' title='bbox 838 1993 872 2056; x_wconf 90' lang='grc' dir='ltr'>τό</span> <span class='ocrx_word' id='word_1_111' title='bbox 891 1987 991 2056; x_wconf 82' lang='grc' dir='ltr'>δοκεῖν</span> <span class='ocrx_word' id='word_1_112' title='bbox 1008 1993 1138 2078; x_wconf 88' lang='grc' dir='ltr'>κακούς,</span> <span class='ocrx_word' id='word_1_113' title='bbox 1159 1997 1198 2058; x_wconf 87' lang='grc' dir='ltr'>τά</span> <span class='ocrx_word' id='word_1_114' title='bbox 1216 2019 1246 2058; x_wconf 89' lang='grc' dir='ltr'>τε</span> <span class='ocrx_word' id='word_1_115' title='bbox 1263 1993 1343 2059; x_wconf 85' lang='grc' dir='ltr'>ἀλλα</span> <span class='ocrx_word' id='word_1_116' title='bbox 1360 1995 1411 2057; x_wconf 82' lang='grc' dir='ltr'>καί</span> <span class='ocrx_word' id='word_1_117' title='bbox 1429 1994 1468 2056; x_wconf 88' lang='grc' dir='ltr'>τά</span> 
     </span>
     <span class='ocr_line' id='line_1_14' title="bbox 370 2100 1469 2192; baseline 0.006 -29"><span class='ocrx_word' id='word_1_118' title='bbox 370 2100 447 2192; x_wconf 88' lang='grc' dir='ltr'>πρὸς</span> <span class='ocrx_word' id='word_1_119' title='bbox 463 2103 555 2192; x_wconf 87' lang='grc' dir='ltr'>χάριν</span> <span class='ocrx_word' id='word_1_120' title='bbox 570 2110 633 2177; x_wconf 88' lang='grc' dir='ltr'>τοῖς</span> <span class='ocrx_word' id='word_1_121' title='bbox 650 2100 803 2188; x_wconf 89' lang='grc' dir='ltr'>πολεμίοις</span> <span class='ocrx_word' id='word_1_122' title='bbox 819 2107 996 2188; x_wconf 84' lang='grc' dir='ltr'>ποιοῦντας,</span> <span class='ocrx_word' id='word_1_123' title='bbox 1018 2103 1102 2170; x_wconf 73' lang='grc' dir='ltr'>αὐτοὶ</span> <span class='ocrx_word' id='word_1_124' title='bbox 1118 2106 1154 2170; x_wconf 88' lang='grc' dir='ltr'>ἀν</span> <span class='ocrx_word' id='word_1_125' title='bbox 1169 2103 1240 2171; x_wconf 83' lang='grc' dir='ltr'>καθ’</span> <span class='ocrx_word' id='word_1_126' title='bbox 1257 2103 1381 2180; x_wconf 81' lang='grc' dir='ltr'>ἑαυτούς</span> <span class='ocrx_word' id='word_1_127' title='bbox 1396 2130 1469 2170; x_wconf 93' lang='grc' dir='ltr'>σκο-</span> 
     </span>
     <span class='ocr_line' id='line_1_15' title="bbox 372 2207 656 2287; baseline 0.004 -13"><span class='ocrx_word' id='word_1_128' title='bbox 372 2216 497 2287; x_wconf 82' lang='grc' dir='ltr'>ποῦντες</span> <span class='ocrx_word' id='word_1_129' title='bbox 515 2207 656 2282; x_wconf 84' lang='grc' dir='ltr'>εἰδείητε.</span> 
     </span>
    </p>
   </div>
   <div class='ocr_carea' id='block_1_3' title="bbox 421 2301 1466 2417">
    <p class='ocr_par' dir='ltr' id='par_1_3' title="bbox 421 2301 1466 2417">
     <span class='ocr_line' id='line_1_16' title="bbox 421 2301 1466 2417; baseline 0.004 -31"><span class='ocrx_word' id='word_1_130' title='bbox 421 2301 495 2413; x_wconf 66' lang='grc' dir='ltr'>θγὼ</span> <span class='ocrx_word' id='word_1_131' title='bbox 514 2318 565 2387; x_wconf 58' lang='lat' dir='ltr'>ii*</span> <span class='ocrx_word' id='word_1_132' title='bbox 578 2320 742 2411; x_wconf 87' lang='grc' dir='ltr'>βούλομαι,</span> <span class='ocrx_word' id='word_1_133' title='bbox 762 2320 864 2394; x_wconf 74' lang='grc' dir='ltr'>ἐπειδὴ</span> <span class='ocrx_word' id='word_1_134' title='bbox 881 2327 922 2400; x_wconf 85' lang='grc' dir='ltr'>εἰς</span> <span class='ocrx_word' id='word_1_135' title='bbox 939 2325 1092 2400; x_wconf 82' lang='grc' dir='ltr'>τοιούτους</span> <span class='ocrx_word' id='word_1_136' title='bbox 1109 2326 1257 2397; x_wconf 89' lang='grc' dir='ltr'>κατέστην</span> <span class='ocrx_word' id='word_1_137' title='bbox 1274 2327 1396 2417; x_wconf 84' lang='grc' dir='ltr'>λόγους,</span> <span class='ocrx_word' id='word_1_138' title='bbox 1414 2329 1466 2391; x_wconf 82' lang='grc' dir='ltr'>καί</span> 
     </span>
    </p>
   </div>
   <div class='ocr_carea' id='block_1_4' title="bbox 370 2428 1469 3081">
    <p class='ocr_par' dir='ltr' id='par_1_4' title="bbox 370 2428 1469 2857">
     <span class='ocr_line' id='line_1_17' title="bbox 370 2428 1468 2526; baseline 0.002 -28"><span class='ocrx_word' id='word_1_139' title='bbox 370 2428 422 2498; x_wconf 89' lang='grc' dir='ltr'>δεῖ</span> <span class='ocrx_word' id='word_1_140' title='bbox 444 2432 542 2521; x_wconf 91' lang='grc' dir='ltr'>κάμέ,</span> <span class='ocrx_word' id='word_1_141' title='bbox 568 2434 609 2509; x_wconf 88' lang='grc' dir='ltr'>ὡς</span> <span class='ocrx_word' id='word_1_142' title='bbox 630 2437 724 2498; x_wconf 82' lang='grc' dir='ltr'>ἔοικεν</span> <span class='ocrx_word' id='word_1_143' title='bbox 732 2482 742 2518; x_wconf 90' lang='grc'>,</span> <span class='ocrx_word' id='word_1_144' title='bbox 767 2437 903 2518; x_wconf 82' lang='grc' dir='ltr'>ἀπαντᾷν</span> <span class='ocrx_word' id='word_1_145' title='bbox 921 2435 995 2526; x_wconf 87' lang='grc' dir='ltr'>πρὸς</span> <span class='ocrx_word' id='word_1_146' title='bbox 1015 2434 1164 2506; x_wconf 90' lang='grc' dir='ltr'>τοσαύτην</span> <span class='ocrx_word' id='word_1_147' title='bbox 1182 2435 1291 2525; x_wconf 80' lang='grc' dir='ltr'>ἐχθροῦ</span> <span class='ocrx_word' id='word_1_148' title='bbox 1312 2436 1419 2526; x_wconf 79' lang='grc' dir='ltr'>ῥύμην,</span> <span class='ocrx_word' id='word_1_149' title='bbox 1443 2440 1468 2500; x_wconf 85' lang='grc' dir='ltr'>εἰ</span> 
     </span>
     <span class='ocr_line' id='line_1_18' title="bbox 372 2542 1469 2637; baseline 0.002 -29"><span class='ocrx_word' id='word_1_150' title='bbox 372 2546 425 2609; x_wconf 82' lang='grc' dir='ltr'>καί</span> <span class='ocrx_word' id='word_1_151' title='bbox 443 2552 503 2609; x_wconf 82' lang='grc' dir='ltr'>τῶν</span> <span class='ocrx_word' id='word_1_152' title='bbox 519 2543 660 2609; x_wconf 93' lang='grc' dir='ltr'>τοιούτων</span> <span class='ocrx_word' id='word_1_153' title='bbox 677 2547 808 2637; x_wconf 88' lang='grc' dir='ltr'>ἀπείρως</span> <span class='ocrx_word' id='word_1_154' title='bbox 825 2549 904 2634; x_wconf 87' lang='grc' dir='ltr'>ἔχω,</span> <span class='ocrx_word' id='word_1_155' title='bbox 924 2545 1065 2632; x_wconf 88' lang='grc' dir='ltr'>πολέμοις</span> <span class='ocrx_word' id='word_1_156' title='bbox 1083 2547 1129 2610; x_wconf 82' lang='grc' dir='ltr'>ἀεὶ</span> <span class='ocrx_word' id='word_1_157' title='bbox 1148 2542 1264 2621; x_wconf 67' lang='grc' dir='ltr'>συζῶνΒ</span> <span class='ocrx_word' id='word_1_158' title='bbox 1280 2549 1331 2610; x_wconf 83' lang='grc' dir='ltr'>καὶ</span> <span class='ocrx_word' id='word_1_159' title='bbox 1351 2549 1469 2634; x_wconf 90' lang='grc' dir='ltr'>μάχαις</span> 
     </span>
     <span class='ocr_line' id='line_1_19' title="bbox 371 2649 1467 2746; baseline 0.001 -26"><span class='ocrx_word' id='word_1_160' title='bbox 371 2664 441 2732; x_wconf 87' lang='grc' dir='ltr'>ταῖς</span> <span class='ocrx_word' id='word_1_161' title='bbox 456 2654 526 2720; x_wconf 83' lang='grc' dir='ltr'>κατ’</span> <span class='ocrx_word' id='word_1_162' title='bbox 543 2654 672 2746; x_wconf 82' lang='grc' dir='ltr'>ἐχθρῶν,</span> <span class='ocrx_word' id='word_1_163' title='bbox 696 2655 764 2722; x_wconf 81' lang='grc' dir='ltr'>ἀλλ’</span> <span class='ocrx_word' id='word_1_164' title='bbox 783 2649 849 2735; x_wconf 77' lang='grc' dir='ltr'>οὖν,</span> <span class='ocrx_word' id='word_1_165' title='bbox 873 2658 914 2733; x_wconf 86' lang='grc' dir='ltr'>ὡς</span> <span class='ocrx_word' id='word_1_166' title='bbox 935 2651 999 2732; x_wconf 80' lang='grc' dir='ltr'>οἷός</span> <span class='ocrx_word' id='word_1_167' title='bbox 1018 2657 1046 2721; x_wconf 82' lang='grc' dir='ltr'>τ’</span> <span class='ocrx_word' id='word_1_168' title='bbox 1064 2660 1143 2744; x_wconf 85' lang='grc' dir='ltr'>εἰμί,</span> <span class='ocrx_word' id='word_1_169' title='bbox 1164 2660 1276 2722; x_wconf 86' lang='grc' dir='ltr'>ἀνωθεν</span> <span class='ocrx_word' id='word_1_170' title='bbox 1292 2659 1331 2722; x_wconf 92' lang='grc' dir='ltr'>τά</span> <span class='ocrx_word' id='word_1_171' title='bbox 1348 2681 1467 2745; x_wconf 87' lang='grc' dir='ltr'>συμπε-</span> 
     </span>
     <span class='ocr_line' id='line_1_20' title="bbox 372 2761 777 2857; baseline 0 -26"><span class='ocrx_word' id='word_1_172' title='bbox 372 2767 467 2831; x_wconf 88' lang='grc' dir='ltr'>σόντα</span> <span class='ocrx_word' id='word_1_173' title='bbox 484 2791 535 2853; x_wconf 89' lang='grc' dir='ltr'>μοι</span> <span class='ocrx_word' id='word_1_174' title='bbox 554 2761 777 2857; x_wconf 79' lang='grc' dir='ltr'>διηγήσασθαι.</span> 
     </span>
    </p>

    <p class='ocr_par' dir='ltr' id='par_1_5' title="bbox 373 2857 1469 3081">
     <span class='ocr_line' id='line_1_21' title="bbox 421 2857 1469 2972; baseline 0.005 -31"><span class='ocrx_word' id='word_1_175' title='bbox 421 2857 499 2965; x_wconf 71' lang='lat' dir='ltr'><strong>tipot</strong></span> <span class='ocrx_word' id='word_1_176' title='bbox 519 2873 600 2965; x_wconf 58' lang='grc' dir='ltr'>μέν8,</span> <span class='ocrx_word' id='word_1_177' title='bbox 621 2873 770 2969; x_wconf 81' lang='grc' dir='ltr'>ὦάνδρες</span> <span class='ocrx_word' id='word_1_178' title='bbox 958 2878 982 2965; x_wconf 77' lang='lat'>⁷,</span> <span class='ocrx_word' id='word_1_179' title='bbox 1012 2882 1158 2971; x_wconf 90' lang='grc' dir='ltr'>πατρόθεν</span> <span class='ocrx_word' id='word_1_180' title='bbox 1176 2881 1284 2971; x_wconf 78' lang='grc' dir='ltr'>κλῆρος</span> <span class='ocrx_word' id='word_1_181' title='bbox 1300 2883 1385 2972; x_wconf 89' lang='grc' dir='ltr'>παρά</span> <span class='ocrx_word' id='word_1_182' title='bbox 1401 2880 1469 2957; x_wconf 82' lang='grc' dir='ltr'>τοὺς</span> 
     </span>
     <span class='ocr_line' id='line_1_22' title="bbox 373 2983 745 3081; baseline -0.003 -26"><span class='ocrx_word' id='word_1_183' title='bbox 373 2988 486 3065; x_wconf 90' lang='grc' dir='ltr'>άλλονς</span> <span class='ocrx_word' id='word_1_184' title='bbox 503 2983 667 3081; x_wconf 69' lang='grc' dir='ltr'>ἑξαίρετος“</span> <span class='ocrx_word' id='word_1_185' title='bbox 672 3037 745 3054; x_wconf 88' lang='grc'><strong>.....</strong></span> 
     </span>
    </p>
   </div>
   <div class='ocr_carea' id='block_1_5' title="bbox 361 3223 1472 3766">
    <p class='ocr_par' dir='ltr' id='par_1_6' title="bbox 407 3223 1255 3289">
     <span class='ocr_line' id='line_1_23' title="bbox 407 3223 1255 3289; baseline 0.002 -15"><span class='ocrx_word' id='word_1_186' title='bbox 407 3223 416 3252; x_wconf 84' lang='lat'>⁴</span> <span class='ocrx_word' id='word_1_187' title='bbox 428 3223 521 3274; x_wconf 82' lang='lat' dir='ltr'><strong>Eadem</strong></span> <span class='ocrx_word' id='word_1_188' title='bbox 534 3223 611 3288; x_wconf 86' lang='lat' dir='ltr'><strong>figura</strong></span> <span class='ocrx_word' id='word_1_189' title='bbox 620 3223 695 3273; x_wconf 87' lang='lat' dir='ltr'><strong>utitur</strong></span> <span class='ocrx_word' id='word_1_190' title='bbox 705 3240 732 3289; x_wconf 83' lang='lat' dir='ltr'>p.</span> <span class='ocrx_word' id='word_1_191' title='bbox 743 3226 790 3284; x_wconf 68' lang='lat' dir='ltr'>tr,</span> <span class='ocrx_word' id='word_1_192' title='bbox 802 3228 825 3274; x_wconf 85' lang='lat'>8.</span> <span class='ocrx_word' id='word_1_193' title='bbox 970 3224 1088 3275; x_wconf 57' lang='lat' dir='ltr'>⁰Schola</span> <span class='ocrx_word' id='word_1_194' title='bbox 1102 3233 1255 3283; x_wconf 80' lang='grc' dir='ltr'>κατάστασις.</span> 
     </span>
    </p>

    <p class='ocr_par' dir='ltr' id='par_1_7' title="bbox 406 3301 1472 3368">
     <span class='ocr_line' id='line_1_24' title="bbox 406 3301 1472 3368; baseline -0.004 -14"><span class='ocrx_word' id='word_1_195' title='bbox 406 3302 528 3354; x_wconf 58' lang='lat' dir='ltr'><strong>&#39;Schola</strong></span> <span class='ocrx_word' id='word_1_196' title='bbox 542 3304 623 3352; x_wconf 79' lang='grc' dir='ltr'>ἐκεῖνοι</span> <span class='ocrx_word' id='word_1_197' title='bbox 639 3303 754 3360; x_wconf 84' lang='grc' dir='ltr'>δηλονότι.</span> <span class='ocrx_word' id='word_1_198' title='bbox 971 3303 1019 3354; x_wconf 73' lang='lat' dir='ltr'>&#39;ln</span> <span class='ocrx_word' id='word_1_199' title='bbox 1041 3304 1127 3353; x_wconf 81' lang='lat' dir='ltr'><strong>codice</strong></span> <span class='ocrx_word' id='word_1_200' title='bbox 1146 3305 1249 3365; x_wconf 84' lang='lat' dir='ltr'><strong>lacuna,</strong></span> <span class='ocrx_word' id='word_1_201' title='bbox 1262 3303 1300 3353; x_wconf 87' lang='lat' dir='ltr'>cui</span> <span class='ocrx_word' id='word_1_202' title='bbox 1321 3301 1472 3368; x_wconf 83' lang='lat' dir='ltr'><strong>respondent</strong></span> 
     </span>
    </p>

    <p class='ocr_par' dir='ltr' id='par_1_8' title="bbox 361 3380 1472 3609">
     <span class='ocr_line' id='line_1_25' title="bbox 406 3380 1471 3446; baseline -0.003 -16"><span class='ocrx_word' id='word_1_203' title='bbox 406 3380 540 3431; x_wconf 80' lang='lat' dir='ltr'><strong>&#39;Fortasse</strong></span> <span class='ocrx_word' id='word_1_204' title='bbox 549 3383 588 3431; x_wconf 80' lang='grc' dir='ltr'>οἶα</span> <span class='ocrx_word' id='word_1_205' title='bbox 599 3383 623 3443; x_wconf 75' lang='grc' dir='ltr'>ἐξ</span> <span class='ocrx_word' id='word_1_206' title='bbox 636 3384 736 3446; x_wconf 80' lang='grc' dir='ltr'>ἀνάγκης</span> <span class='ocrx_word' id='word_1_207' title='bbox 746 3387 817 3432; x_wconf 81' lang='grc' dir='ltr'>πάλιν</span> <span class='ocrx_word' id='word_1_208' title='bbox 826 3387 909 3433; x_wconf 82' lang='grc' dir='ltr'>παθεῖν</span> <span class='ocrx_word' id='word_1_209' title='bbox 936 3380 1011 3430; x_wconf 84' lang='lat' dir='ltr'><strong>verba</strong></span> <span class='ocrx_word' id='word_1_210' title='bbox 1033 3382 1160 3445; x_wconf 81' lang='lat' dir='ltr'><strong>superiora</strong></span> <span class='ocrx_word' id='word_1_211' title='bbox 1184 3388 1207 3439; x_wconf 78' lang='grc' dir='ltr'>ος</span> <span class='ocrx_word' id='word_1_212' title='bbox 1228 3385 1250 3431; x_wconf 74' lang='grc' dir='ltr'>τ’</span> <span class='ocrx_word' id='word_1_213' title='bbox 1273 3385 1332 3445; x_wconf 82' lang='grc' dir='ltr'>εἰμι’.</span> <span class='ocrx_word' id='word_1_214' title='bbox 1360 3381 1471 3429; x_wconf 75' lang='lat' dir='ltr'><strong>Fortasse</strong></span> 
     </span>
     <span class='ocr_line' id='line_1_26' title="bbox 372 3458 1472 3529; baseline -0.005 -18"><span class='ocrx_word' id='word_1_215' title='bbox 372 3462 402 3512; x_wconf 75' lang='grc' dir='ltr'>ἂν</span> <span class='ocrx_word' id='word_1_216' title='bbox 413 3460 473 3518; x_wconf 63' lang='lat' dir='ltr'><strong>litt,</strong></span> <span class='ocrx_word' id='word_1_217' title='bbox 488 3458 526 3509; x_wconf 80' lang='lat' dir='ltr'>vel</span> <span class='ocrx_word' id='word_1_218' title='bbox 536 3464 640 3510; x_wconf 84' lang='grc' dir='ltr'>πάθοιεν.</span> <span class='ocrx_word' id='word_1_219' title='bbox 937 3460 1048 3526; x_wconf 81' lang='lat' dir='ltr'><strong>scripsit,</strong></span> <span class='ocrx_word' id='word_1_220' title='bbox 1063 3458 1081 3508; x_wconf 81' lang='grc' dir='ltr'><strong><em>ὦ</em></strong></span> <span class='ocrx_word' id='word_1_221' title='bbox 1105 3461 1186 3529; x_wconf 84' lang='grc' dir='ltr'>ἄνδρες</span> <span class='ocrx_word' id='word_1_222' title='bbox 1206 3458 1330 3517; x_wconf 75' lang='grc' dir='ltr'>Ἀθηναῖοι,</span> <span class='ocrx_word' id='word_1_223' title='bbox 1345 3458 1384 3507; x_wconf 83' lang='lat' dir='ltr'>vel</span> <span class='ocrx_word' id='word_1_224' title='bbox 1401 3459 1472 3506; x_wconf 82' lang='grc' dir='ltr'>δικα-</span> 
     </span>
     <span class='ocr_line' id='line_1_27' title="bbox 361 3536 1000 3609; baseline 0.002 -22"><span class='ocrx_word' id='word_1_225' title='bbox 361 3600 367 3609; x_wconf 36' lang='grc'><strong>.</strong></span> <span class='ocrx_word' id='word_1_226' title='bbox 408 3536 531 3589; x_wconf 53' lang='lat' dir='ltr'><strong>&#39;Schola</strong></span> <span class='ocrx_word' id='word_1_227' title='bbox 544 3543 745 3605; x_wconf 85' lang='grc' dir='ltr'>προκατάστασις.</span> <span class='ocrx_word' id='word_1_228' title='bbox 935 3545 1000 3588; x_wconf 84' lang='grc' dir='ltr'>οταί.</span> 
     </span>
    </p>

    <p class='ocr_par' dir='ltr' id='par_1_9' title="bbox 374 3611 1471 3766">
     <span class='ocr_line' id='line_1_28' title="bbox 407 3611 1471 3683; baseline -0.006 -16"><span class='ocrx_word' id='word_1_229' title='bbox 407 3616 540 3681; x_wconf 67' lang='grc' dir='ltr'>Ι’Πολῖμοις</span> <span class='ocrx_word' id='word_1_230' title='bbox 553 3616 636 3680; x_wconf 80' lang='grc' dir='ltr'>συζῶν]</span> <span class='ocrx_word' id='word_1_231' title='bbox 651 3616 707 3666; x_wconf 85' lang='lat' dir='ltr'><strong>vide</strong></span> <span class='ocrx_word' id='word_1_232' title='bbox 723 3633 750 3683; x_wconf 88' lang='lat' dir='ltr'>p.</span> <span class='ocrx_word' id='word_1_233' title='bbox 765 3619 824 3680; x_wconf 67' lang='lat' dir='ltr'><strong>itt,</strong></span> <span class='ocrx_word' id='word_1_234' title='bbox 838 3634 863 3667; x_wconf 88' lang='lat' dir='ltr'>n.</span> <span class='ocrx_word' id='word_1_235' title='bbox 880 3619 909 3680; x_wconf 83' lang='lat'>2,</span> <span class='ocrx_word' id='word_1_236' title='bbox 971 3615 981 3642; x_wconf 80' lang='lat'>⁸</span> <span class='ocrx_word' id='word_1_237' title='bbox 996 3615 1089 3665; x_wconf 82' lang='lat' dir='ltr'><strong>Desinit</strong></span> <span class='ocrx_word' id='word_1_238' title='bbox 1106 3615 1133 3665; x_wconf 92' lang='lat' dir='ltr'>in</span> <span class='ocrx_word' id='word_1_239' title='bbox 1153 3615 1201 3665; x_wconf 87' lang='lat' dir='ltr'>hoc</span> <span class='ocrx_word' id='word_1_240' title='bbox 1214 3614 1334 3666; x_wconf 82' lang='lat' dir='ltr'><strong>vocabulo</strong></span> <span class='ocrx_word' id='word_1_241' title='bbox 1344 3611 1471 3672; x_wconf 82' lang='lat' dir='ltr'><strong>librarius,</strong></span> 
     </span>
     <span class='ocr_line' id='line_1_29' title="bbox 374 3692 1428 3766; baseline -0.002 -22"><span class='ocrx_word' id='word_1_242' title='bbox 374 3694 408 3746; x_wconf 83' lang='lat' dir='ltr'>de</span> <span class='ocrx_word' id='word_1_243' title='bbox 422 3695 501 3747; x_wconf 78' lang='lat' dir='ltr'><strong>forma</strong></span> <span class='ocrx_word' id='word_1_244' title='bbox 514 3694 613 3746; x_wconf 84' lang='lat' dir='ltr'><strong>dicendi</strong></span> <span class='ocrx_word' id='word_1_245' title='bbox 628 3705 698 3766; x_wconf 77' lang='grc' dir='ltr'>ουςῇν</span> <span class='ocrx_word' id='word_1_246' title='bbox 710 3704 766 3747; x_wconf 75' lang='grc' dir='ltr'>τινί.</span> <span class='ocrx_word' id='word_1_247' title='bbox 939 3711 1028 3746; x_wconf 83' lang='lat' dir='ltr'><strong>vacuas</strong></span> <span class='ocrx_word' id='word_1_248' title='bbox 1042 3695 1183 3761; x_wconf 84' lang='lat' dir='ltr'><strong>relinquens</strong></span> <span class='ocrx_word' id='word_1_249' title='bbox 1194 3695 1294 3762; x_wconf 77' lang='lat' dir='ltr'><strong>paginas</strong></span> <span class='ocrx_word' id='word_1_250' title='bbox 1303 3692 1428 3759; x_wconf 81' lang='lat' dir='ltr'><strong>plurimas.</strong></span> 
     </span>
    </p>
   </div>
   <div class='ocr_carea' id='block_1_6' title="bbox 0 0 1851 5659">
    <p class='ocr_par' dir='ltr' id='par_1_10' title="bbox 0 0 1851 5659">
     <span class='ocr_line' id='line_1_30' title="bbox 0 0 1851 5659; baseline 0 0"><span class='ocrx_word' id='word_1_251' title='bbox 0 0 1851 5659; x_wconf 95' lang='lat' dir='ltr'> </span> 
     </span>
    </p>
   </div>
  </div>
 </body>
</html>
