3684 5659
767 692 924 755 ΜΕΛΕΤΗ
950 683 992 756 B'.
1376 694 1424 766 37

327 823 467 920 δρακότα
477 875 488 914 ,
508 831 600 916 μάθοι
619 825 649 894 δ’
668 828 746 917 ὑμᾶς
764 830 975 917 ἀμελήσαντας
992 837 1044 896 τοῦ
1061 830 1281 924 πραχθέντοςθ,
1301 837 1353 899 καί
1371 844 1424 902 τοῦ

326 939 424 1030 γέρως
446 943 716 1033 ἀποστερήσαντας
727 988 737 1026 ,
760 942 812 1011 τήν
829 942 948 1032 γνώμην
968 942 1049 1030 ὑμῶν
1069 943 1277 1023 ε’παινέσεται;
1301 949 1359 1011 Καὶ
1380 951 1425 1024 τίς

238 1074 241 1079 ·
326 1051 365 1116 ἀν
382 1050 590 1134 πιστεύσειεν;
610 1033 682 1143 Ιλρεῖ
698 1053 757 1143 γάρ
776 1048 926 1126 ίσως’-
938 1032 1023 1117 Ᾰλλά
1036 1052 1194 1140 ψευσθείην
1211 1053 1292 1144 ἐγώ,
1313 1057 1364 1120 καί
1383 1057 1425 1143 μή

325 1167 471 1227 τοσοῦτον
484 1159 662 1238 ἀδοξήσοιτε
677 1153 814 1227 πώποτεί
829 1199 879 1210 -
898 1165 939 1239 ὡς
959 1188 974 1219 ι(
992 1167 1028 1228 Τί
1044 1166 1081 1229 ἂν
1093 1167 1144 1229 καί
1163 1171 1336 1257 φρονοῦντες
1350 1167 1426 1233 έκεῖ-

326 1294 372 1335 νοι
394 1279 449 1348 τῆς
469 1280 559 1358 τιμῆς
575 1271 757 1362 ἀπεστέρουν
779 1272 829 1336 τόν
852 1271 1023 1363 εῦεργέτην;
1046 1250 1073 1336 H
1093 1275 1151 1364 γὰρ
1175 1269 1203 1338 οἷ
1226 1281 1323 1339 κακοῦ
1347 1272 1424 1347 ἦσαν

328 1377 462 1458 οῦδόλως
479 1381 640 1473 ἐγίνωσκον
662 1384 817 1473 πρότερον,
842 1384 893 1446 καὶ
917 1383 951 1446 τό
968 1393 1094 1474 πρᾶγμα
1113 1383 1244 1476 εὐχερῶς
1262 1389 1363 1478 ἔφερον
1383 1390 1424 1474 μή

327 1491 474 1568 συνιέντες
494 1485 534 1558 ὧν
554 1497 713 1582 ἔπασχον·
739 1492 816 1578 ὅθεν,
843 1495 894 1557 καὶ
919 1492 1117 1579 μεταθληθέν,
1145 1493 1178 1559 οῦ
1200 1495 1425 1581 μετεθλήθησαν

326 1601 380 1672 τήν
397 1600 500 1690 ψυχήν
516 1603 557 1678 ὡς
575 1605 714 1673 ἀνεθῆναι
724 1649 734 1684 ,
753 1605 806 1666 καί
825 1603 875 1667 τὸν
892 1599 1138 1689 ριεταθοίλλοντα8
1153 1613 1300 1690 τιμήσαι·
1320 1606 1425 1676 ἢ»-

326 1689 400 1774 Ᾰλλ’
418 1709 453 1775 οῦ
471 1707 603 1820 δόνφιμαι
617 1717 716 1777 ταῦτα
733 1711 842 1802 λέγειν,
858 1713 906 1777 ίνα
924 1713 966 1800 μή
982 1712 1105 1782 λυπήσω
1119 1714 1152 1777 τὸ
1167 1713 1273 1800 μέλλον
1290 1741 1426 1806 προμαν-

326 1821 496 1906 τευόμενος.
521 1826 610 1887 Εστω
631 1818 677 1886 δέ.
697 1857 747 1869 -
765 1845 781 1879 ι(
800 1824 851 1887 καὶ
870 1826 983 1913 φθονῶν
1001 1846 1046 1897 τις
1059 1825 1197 1907 ἀντεῖπε,
1215 1826 1267 1888 καὶ
1288 1821 1425 1916 δεύτερος

327 1926 543 2023 ἀπηγόρευκέ.
563 1934 621 1996 Διά
637 1937 724 1998 τοῦτο
742 1935 794 1998 καί
814 1942 875 2008 πάς
888 1932 1023 2020 ὑπήχθη,
1040 1936 1092 1998 καὶ
1112 1930 1251 2010 ἀδοξίαις
1263 1945 1331 2012 ταῖς
1345 1935 1423 2011 ἐςαεὶ

312 2048 379 2112 ’τήν
397 2041 481 2106 πόλιν
504 2042 603 2108 αὐτῶν
626 2043 816 2134 περιέθαλον.
841 2046 877 2108 Τί
897 2040 931 2108 δὲ
949 2054 1012 2120 τοῖς
1034 2044 1136 2120 ἀλλοις
1160 2048 1202 2121 εἰς
1222 2046 1424 2138 πληροφορίαν

327 2151 563 2240 ὑπελιμπάνετο;
587 2157 638 2219 καί
662 2157 708 2231 τίς
728 2156 870 2227 ήθέλησεν
895 2157 931 2220 ἀν
953 2153 1130 2221 κινδυνεύειν
1150 2154 1225 2222 καί5
1247 2159 1336 2224 πόλιν
1355 2159 1424 2223 ε’πι-

326 2267 453 2340 στάντος
476 2270 603 2355 καιροῦ;
629 2265 737 2341 Καλῶς
758 2273 820 2358 ἀρα
843 2267 1072 2357 ἐτυραννοῦντο,
1097 2272 1121 2332 εἰ
1141 2266 1218 2332 οῦτω
1238 2272 1289 2333 καὶ
1313 2271 1423 2361 πρότε-

325 2398 375 2464 ρον
399 2371 482 2464 εἶχον
504 2377 569 2466 περί
595 2375 664 2452 τοῦς
682 2375 837 2486 εὐεργέτας
860 2386 912 2452 τῆς
929 2377 1061 2461 πόλεως,
1082 2381 1133 2442 καί
1160 2378 1262 2453 καλῶς
1285 2378 1424 2450 ἐκίνησαν

324 2487 377 2555 τήν
400 2490 453 2550 τοῦ
477 2480 573 2559 δεῖνος
602 2487 707 2576 ὁρμήν.
735 2470 808 2571 ῌδει
831 2489 890 2578 γάρ
915 2487 956 2572 μή
983 2487 1157 2573 πεισόμενος
1180 2489 1214 2549 ἔκ
1236 2511 1332 2572 τινος,
1357 2485 1424 2576 ᾔδει

325 2593 440 2683 μηδένα
465 2598 696 2685 κινηθησόμενον
719 2598 788 2662 κατ’
807 2599 913 2663 αὐτοῦ.
943 2600 1010 2661 Διά
1035 2600 1068 2661 τί
1093 2600 1160 2689 γάρ
1187 2604 1282 2688 ἀρα;
1308 2601 1421 2689 ρήσει·

324 2709 374 2779 Νι
403 2711 493 2788 ιιι,
522 2704 585 2774 ιω
610 2711 648 2775 τι
682 2710 801 2802 γέρας.
832 2691 913 2775 λιν
941 2706 1039 2774 εῖιω
1065 2709 1200 2785 mm
1227 2709 1266 2775 ε..
1293 2711 1423 2801 eoem

323 2828 384 2896 τῆς
417 2829 519 2907 τιμής
552 2823 842 2910 ἀστοχήσαντας
874 2824 937 2887 καί
974 2821 1129 2898 ἑαυτοὺς
1162 2823 1319 2912 γνόντας
1352 2849 1423 2909 μα-

323 2933 433 3006 ταίως
459 2929 546 3023 ὑπὲρ
571 2937 636 2995 τοῦ
658 2937 781 2997 κοινοῦ
809 2931 1057 3008 σπεύσαντας.
1086 2931 1160 2996 Οῦκ
1186 2931 1421 3019 ἐπιλείψουσι

324 3043 384 3106 καί
409 3043 517 3107 πάλιν
539 3045 764 3133 σνκοφανταί
794 3045 855 3108 καὶ
883 3046 1070 3134 φθονεροί·
1099 3043 1228 3107 ἐκεῖνοί
1254 3069 1315 3130 μοι
1343 3067 1423 3108 σνν-

323 3155 522 3244 εργήσονσι
548 3159 798 3244 τυραννοῦντι.
828 3158 868 3218 Εἰ
896 3150 936 3219 δέ
960 3180 993 3219 τι
1019 3157 1080 3219 καί
1108 3157 1197 3245 πρός
1223 3179 1323 3230 τινος
1348 3158 1420 3218 πά-

323 3264 441 3350 θοιμι,
471 3266 649 3335 στήσεταί
677 3287 732 3339 τις
761 3263 815 3328 ἐπὶ
846 3270 908 3328 τοῦ
939 3261 1105 3350 βήματος
1132 3267 1194 3329 καί
1223 3270 1285 3328 τοῦ
1310 3264 1422 3355 γέρως

323 3375 583 3466 ἀποστερήσει,
617 3377 678 3438 καὶ
710 3377 836 3466 νεκρός
868 3379 1078 3463 ἀμυνοῦμαι
1110 3373 1173 3440 διά
1205 3375 1330 3440 τούτου
1362 3378 1422 3440 τόν

324 3483 385 3571 ἐμέ
408 3510 442 3549 τι
470 3481 648 3550 διαθέντα
674 3494 742 3551 τῶν
768 3485 1021 3556 ἀνηκέστων».

372 3592 477 3671 Οῦτως
496 3594 618 3672 ἐκείνοις
636 3595 752 3688 ἐροῦσιν
772 3595 826 3661 οῦκ
843 3597 936 3672 ἀλλος
954 3621 1000 3673 τις
1019 3603 1116 3672 αἴτιος
1133 3601 1185 3659 τοῦ
1202 3603 1305 3669 κακῶς
1323 3597 1417 3683 ἔχειν,

325 3707 392 3773 ἀλλ’
409 3707 494 3774 αὐτοὶ
514 3707 646 3784 ἑαυτοῖς·
669 3705 762 3784 οὕτως
780 3709 811 3773 αἱ
829 3709 930 3784 πόλεις
945 3711 1101 3798 πάσχουσι
1117 3713 1296 3796 πανταχοῦ,

467 3867 541 3937 ὅταν
556 3878 615 3944 τις6
632 3883 721 3946 ἐσθλὸς
732 3890 777 3938 καὶ
789 3886 922 3961 πρόθυμος
934 3886 967 3938 ὢν
983 3885 1045 3962 ἀνὴρ

468 3973 548 4051 μηδὲν
562 3980 670 4053 φέρηται
685 3987 736 4032 τῶν
751 3985 877 4033 κακιόνων
892 3979 979 4035 πλέον.

359 4203 365 4229 ¹
382 4202 508 4264 Fortasse,
520 4211 562 4255 τοῦ
573 4211 714 4275 πράξαντος.
921 4203 931 4227 ⁵
942 4202 1042 4251 Videtur
1056 4202 1142 4250 deesse
1158 4199 1267 4248 verbum.

358 4280 367 4307 ²
380 4280 475 4332 Schola
486 4287 607 4340 ἠθοποιία.
919 4281 929 4305 ⁰
943 4279 1073 4344 Euripides
1087 4277 1147 4326 Hec.
1164 4278 1212 4326 310
1225 4297 1230 4325 ι
1242 4273 1279 4327 Ἐν
1296 4279 1356 4344 τῷδε
1372 4285 1420 4344 γὰρ

358 4359 460 4410 ³Malim
471 4365 646 4426 μετοιὸαλόντοι.
885 4366 1009 4424 κάμνουσιν
1020 4356 1022 4360 ’
1035 4361 1060 4406 αἱ
1078 4360 1163 4406 πολλαί
1184 4360 1277 4418 πόλεις,
1292 4356 1367 4407 Ὅταν
1383 4378 1420 4414 τις

358 4437 431 4487 ⁴Duo
442 4438 539 4490 fuerunt
549 4440 689 4490 adversarii.
704 4439 756 4489 Jam
772 4443 803 4490 ἑνί
818 4446 856 4490 καί
884 4440 961 4495 ἐσθλὸς
970 4444 1010 4486 καὶ
1022 4441 1137 4503 πρόθυμος
1149 4439 1179 4486 ὧν
1189 4438 1247 4506 ἀνὴρ
1256 4438 1335 4494 Μηδὲν
1345 4444 1418 4504 φέρη-

325 4517 425 4583 διντίρῳ
437 4533 462 4580 p.
476 4519 521 4578 35,
538 4522 558 4566 1.
885 4537 925 4566 παι
939 4526 984 4567 τῶν
998 4521 1109 4581 κακιόνων
1121 4520 1197 4566 πλέον.
