3684 5659
445 610 515 678 Μθ
782 615 815 673 Γ.
842 614 917 675 ΤΟΥ
941 609 1196 674 ΠΑΧΥΜΕΡΟΥΣ

442 745 507 812 Οὐκ
524 747 580 811 εἰσί
601 747 814 838 προςὴκοντες;
836 743 942 834 οἶμαι,
965 746 1018 812 καί
1038 743 1158 810 πολλοί·
1182 741 1262 808 ἀλλά
1283 743 1335 807 καί
1354 741 1465 827 καλοί,
1488 745 1536 820 τίς

442 863 533 921 εἴποι.
562 837 634 921 Ᾰλλ’
664 856 762 944 ὅμως,
785 864 823 942 ἡ,
854 860 906 923 καί
936 857 1086 933 θέλοντες,
1114 853 1266 945 ἐγκαλεῖν,
1290 851 1536 926 ὑποπτήσσουσιν

442 974 517 1044 ἴσως
532 965 586 1056 μὲν
604 968 658 1038 τὴν
675 970 843 1058 ἀριστείαν,
862 975 938 1044 ίσως
950 963 984 1033 δὲ
995 969 1050 1039 τὴν
1066 969 1224 1037 ἀπήνειαν·
1240 964 1261 1036 ἡ
1277 965 1328 1030 τὸν
1347 963 1438 1043 ζῆλον
1452 963 1536 1052 ύρίον

443 1073 519 1143 ίδεῖν
546 1078 757 1167 ἀναμένουσιν.
787 1059 1006 1171 Ᾰριστεύσουσι
1034 1080 1190 1162 κάκεῖνοι,
1215 1075 1270 1141 σύν
1294 1077 1374 1153 θεοῖς
1395 1075 1537 1168 ἀριστεύ-

442 1207 560 1254 σουσιν·
580 1193 605 1255 εἰ
623 1185 652 1254 δ’
677 1182 741 1274 οὖν,
770 1188 837 1255 ἀλλ’
856 1187 971 1282 ἕτερονι
991 1188 1139 1280 ὠφέλιμον
1154 1182 1317 1278 πράξουσι·
1336 1182 1414 1257 πλὴν
1432 1185 1468 1253 ού
1482 1208 1538 1276 φο-

443 1297 598 1365 νεύσουσιν
612 1299 716 1384 άλλον,
736 1296 807 1365 οὐδὲ
827 1301 861 1366 τό
877 1301 974 1365 κακὸν
987 1299 1072 1387 καλῷ
1089 1296 1289 1390 συγκρύπτειν
1305 1299 1518 1388 πειράσονται.

492 1385 534 1472 Ᾰν
556 1419 691 1499 προτενεῖ
713 1411 767 1480 τὴν
794 1413 962 1501 ἀριστείαν,
984 1411 1035 1476 τὸν
1058 1409 1145 1500 φόνον
1166 1409 1314 1473 ἀντίθετε.
1338 1407 1439 1473 Καλὸν
1465 1409 1535 1499 ἀρι·

444 1516 573 1603 στεύειν,
593 1518 673 1584 ἀλλά
691 1515 770 1606 μηδὲ
790 1519 934 1611 φονεύειν·
955 1523 986 1598 είι
1004 1514 1039 1584 δὲ
1060 1517 1192 1610 φονεύει,
1215 1518 1273 1583 κάν
1290 1516 1462 1607 ἀριστεύει,
1482 1516 1537 1584 ούιι

444 1626 482 1691 ἀν
499 1628 532 1692 τό
553 1627 648 1716 μύσος
665 1628 842 1718 ε’κλείψειεν,
866 1612 921 1696 πθ
943 1629 1083 1722 ἀριστεύς
1096 1653 1113 1688 ν
1129 1631 1177 1706 τίς
1202 1635 1292 1694 εἴποι·
1315 1627 1396 1693 ἀλλά
1415 1629 1470 1693 καί
1491 1627 1537 1701 τό

444 1737 573 1828 φονεύς»
591 1737 683 1831 ε’ρεῖ’.
702 1743 761 1806 Καὶ
780 1742 979 1825 ἀλλοςίσως,
998 1743 1064 1833 περὶ
1084 1738 1166 1827 ὑμῶν
1183 1739 1402 1826 ἀναμνησθείς,
1422 1732 1538 1828 &⁶7⁷5-

444 1871 531 1914 σεται
555 1850 596 1925 ὡς
619 1847 763 1942 παρεῖδον
793 1850 916 1916 πολίτου
937 1853 1024 1943 φόνον
1048 1852 1064 1915 ό
1086 1846 1200 1937 δὴμος,
1221 1843 1367 1941 παρεῖδον
1394 1847 1539 1924 λαθόντες

445 1960 613 2050 πρόςωπον,
632 1965 685 2026 καί
703 1963 738 2027 τό
755 1970 863 2050 σχῆμα
879 1969 934 2039 τὴς
952 1964 1109 2054 ἀριστείας
1128 1956 1243 2037 ὄνειδος
1259 1959 1341 2052 μέγα
1355 1983 1537 2052 προςκατα·

446 2072 652 2141 σκευασθῆναι
665 2079 703 2160 τῇ
718 2072 802 2137 πόλει
819 2074 993 2143 πεποίηκεν.
1421 2132 1423 2137 .

495 2157 536 2245 lxv
556 2177 672 2258 παῖδας
692 2179 950 2267 ἀναθιθάσηταδ,
969 2177 1087 2259 παῖδας
1104 2181 1215 2259 αύτούς
1239 2180 1371 2273 φονέως,
1391 2179 1448 2247 οὐκ
1465 2184 1537 2274 ἀρι-

446 2288 540 2366 στέως
556 2293 728 2382 ἡγήσασθε.
745 2295 804 2358 Καί
822 2288 866 2370 οἷς
886 2293 1048 2381 ἐτιμήσατε
1064 2293 1115 2360 τὸν
1131 2292 1242 2358 τούτων
1254 2287 1490 2385 πατίραρόυτες
1504 2293 1538 2359 τό

447 2400 585 2486 ζητηθέν,
604 2403 678 2494 πρὸς
693 2406 850 2495 ἀριστείαν
866 2403 1043 2495 ἐνάγοντες,
1064 2399 1110 2480 οἷς
1126 2395 1214 2479 αὖθις
1234 2397 1289 2467 διά
1308 2402 1360 2469 τὸν
1375 2404 1465 2493 φόνον
1474 2428 1537 2470 ,κο-

446 2508 571 2596 λάσετε,
591 2514 665 2606 πρὸς
680 2510 847 2602 δημοτικὴν
863 2516 1057 2581 κατάστασιν
1074 2510 1310 2580 ε’κπαιδεύσατε.
1330 2492 1458 2605 θγγύας
1470 2509 1538 2581 δότε

446 2619 578 2708 τούτοις,
597 2625 658 2702 ὡς,
672 2626 761 2691 καλοί
774 2627 947 2719 γεγονότες,
967 2621 1021 2691 διὰ
1031 2625 1149 2718 πατέρα
1166 2626 1263 2692 κακὸν
1277 2624 1313 2691 ού
1328 2627 1541 2717 παροφθὴσον·

446 2755 511 2798 ται.
530 2737 589 2800 Καὶ
609 2731 728 2802 δίκαιον
742 2739 856 2826 μᾶλλον
873 2745 978 2803 εἴπατε
999 2735 1116 2814 τούτοις
1134 2739 1216 2826 ἡμᾶς
1232 2738 1374 2828 ἡγεῖσθαι
1390 2741 1500 2823 τοῦτο,
1519 2737 1538 2809 ἡ
1554 2780 1577 2813 ,-

447 2842 480 2906 τό
494 2838 537 2954 δι’
554 2845 690 2935 ἀγαθούς
706 2847 790 2923 υἱοὺς
805 2847 924 2941 πατέρα
940 2850 1087 2915 κάκιστον
1103 2857 1141 2938 τῇ
1158 2847 1245 2914 πόλει
1258 2856 1437 2938 περιποιεῖν.

496 2955 538 3018 Αν
559 2956 612 3027 τὴν
638 2953 754 3049 δωρεάν
778 2957 993 3051 προθαλεῖται,
1022 2960 1064 3045 μὴ
1090 2952 1293 3034 ἀποδέξησθε.
1322 2961 1440 3024 Εἴπατε
1465 2960 1539 3052 πρὸς

448 3081 551 3130 αυτόν·

497 3198 513 3232 «
526 3157 609 3268 ὁρᾷς
621 3179 674 3250 τὴν
690 3175 807 3273 δωρεάν
818 3179 949 3264 ταύτην,
965 3180 1081 3256 ἀπηνὴς
1096 3175 1131 3251 ἡν
1144 3182 1196 3244 καὶ
1213 3179 1280 3244 λίαν
1292 3179 1366 3271 πρός
1382 3178 1454 3257 τοὺς
1470 3182 1540 3273 τρό-

447 3309 521 3361 πους
547 3285 617 3364 τοὺς
638 3291 799 3381 ἡμετέρους
821 3286 1000 3376 άπφίδουσα.
1024 3292 1061 3355 Τί
1087 3294 1160 3382 γοῦν
1182 3290 1217 3355 τό
1241 3298 1369 3362 κινῆσαν
1391 3292 1474 3379 ἡμεῖς
1497 3288 1540 3368 είς

447 3401 554 3483 τοῦτο,
573 3401 625 3464 καὶ
638 3404 723 3493 παρὰ
738 3403 791 3473 τὴν
807 3401 954 3493 ἡμετέραν
969 3395 1142 3489 ἐποιοῦμεν*
1157 3400 1278 3492 γνώμην
1294 3402 1346 3466 καί
1365 3402 1469 3492 πόρρω
1485 3407 1538 3467 τοῦ

447 3511 538 3585 ἤθους
558 3519 612 3586 τὴς
637 3512 769 3592 πόλεως;
794 3514 897 3600 νόμος.
918 3513 1039 3601 Νόμος,
1062 3510 1097 3577 ού
1118 3510 1208 3603 λόγος
1230 3513 1463 3602 κατηγωνίσατο
1486 3513 1539 3584 τὴν

447 3622 633 3713 προαίρεσιν.
651 3624 715 3688 Κάν
736 3623 882 3698 πολλάκις
902 3622 1022 3715 ἔλεγες,
1042 3622 1097 3688 ούκ
1114 3629 1201 3698 ἡνυες
1218 3629 1270 3706 ἀν,
1287 3624 1312 3687 εί
1330 3622 1372 3709 μὴ
1387 3622 1480 3712 νόμον
1496 3631 1539 3690 εί·

448 3754 542 3816 χομεν
558 3733 608 3796 τόν
622 3733 780 3799 κελεύοντα
793 3759 823 3796 ιι.

497 3837 577 3905 Εἶεν·
600 3843 689 3929 νόμος
705 3843 767 3909 ε’στί
788 3846 964 3922 κάνταῦθα,
985 3844 1156 3936 ὃτιμωρῶν
1178 3841 1248 3920 τοὺς
1272 3851 1390 3934 φονεῖς,
1415 3845 1539 3933 υόμοςὸ

447 3958 506 4016 τῶν
527 3952 655 4018 πολιτῶν
676 3950 859 4042 παιδευτὴς,
886 3959 911 4021 εί
935 3964 1038 4032 κακῶς
1057 3957 1230 4046 πράττοιεν,
1255 3957 1307 4021 καί
1332 3963 1392 4022 τῶν
1410 3955 1540 4022 πολιτῶν

446 4061 642 4155 ύπέρμαχος,
669 4069 695 4130 εί
719 4061 835 4143 ἀδίκως
857 4068 1019 4156 πάσχοιεν.
1045 4067 1146 4154 Νόμος
1164 4068 1246 4154 ἡμᾶς
1273 4067 1371 4133 πείσει
1399 4065 1541 4143 κολάζειν

481 4261 489 4287 ¹
502 4261 624 4320 Fortasse,
638 4263 715 4332 ἕτερόν
732 4285 767 4315 τι.
1006 4258 1091 4311 νεοδιε
1103 4276 1176 4311 causa
1189 4258 1373 4323 ιοίιενίσρτόίω,
1384 4275 1409 4325 p.
1427 4260 1468 4319 19,
1478 4275 1505 4309 ο.
1517 4265 1539 4309 1.

482 4339 490 4365 ¹
503 4341 629 4402 Fortasse,
643 4346 711 4401 ἄλλος
722 4345 778 4410 ἐρεῖ.
1040 4336 1050 4363 ⁴
1062 4339 1189 4401 Fortasse,
1208 4353 1253 4404 pro
1272 4345 1313 4389 καί
1320 4377 1328 4401 ,
1338 4336 1472 4404 legendum
1485 4338 1540 4396 ότι,

481 4418 536 4469 'De
553 4420 602 4470 reis
616 4421 706 4472 Ιῖλιετοε
717 4421 908 4486 ρτυόιιεειιῑίλιιυ
922 4434 981 4471 mo-
1006 4417 1043 4468 νυλ
1062 4418 1114 4478 ὅτι,
1125 4426 1223 4469 servato
1239 4425 1293 4469 καί·
1310 4420 1345 4476 τίς
1359 4424 1431 4470 τοῦτο
1445 4418 1484 4470 ότι
1501 4424 1540 4467 καὶ
