3684 5659
761 601 831 691 rur
857 602 1078 690 ororrrros.
1394 624 1463 692 285

419 755 480 841 πζί.
503 760 727 851 Σχολαστικίιςί
748 761 807 827 ἀπὸ
828 769 881 836 τῆς
901 763 1000 836 οἰκίας
1017 758 1219 852 osstodropog²
1236 770 1344 862 σχῆμα
1364 763 1465 829 λαθὼν

371 879 505 951 ἔπαιζεν.
521 851 608 965 douo
619 868 653 938 θέ
667 897 745 948 τινος
755 871 1088 963 ἀπαχχείλοιντοςαίιτῷ
1099 872 1151 943 τὴν
1161 875 1330 963 παρουσίαν
1336 879 1389 938 τοῦ
1402 900 1464 939 πα·

371 988 452 1077 πρός,
468 985 561 1077 ῥίψας
577 986 610 1049 τὸ
625 982 726 1067 όπλον,
743 983 808 1048 ἔλυε
821 984 873 1052 τὴν
886 979 1033 1069 κνημῖθα.
1050 984 1229 1059 Φθάσαντος
1242 981 1276 1048 θὲ
1288 991 1340 1048 τοῦ
1352 987 1465 1076 πατρὸς

372 1096 465 1162 αὐτοῦ
483 1096 656 1178 ἐπιστῆναι,
676 1099 754 1183 ἔχων
771 1095 823 1165 την
842 1094 1091 1185 περικεφαλαίαν,
1112 1091 1229 1178 βιθλίον
1246 1098 1440 1187 ἀνεγίνωσκε.

420 1250 482 1331 πηί.
507 1257 731 1348 Σχολαστικθς3
748 1260 984 1351 ἐπανερχόμενος
1004 1257 1068 1324 ὅθεν
1088 1254 1293 1346 ἀπεδήμησεν,
1314 1265 1365 1325 καί
1385 1265 1464 1328 ἀνα-

372 1371 482 1436 θαίνων
494 1369 616 1458 ’ὑψηλὴν
636 1371 800 1454 ἀυάὅασιν,
821 1369 973 1457 ἐθαύμαζε
992 1370 1102 1459 λέγων·
1124 1394 1138 1425 o
1159 1351 1300 1436 Μνταῦθα
1319 1371 1367 1438 ὅτε
1384 1382 1467 1463 πρῶ-

371 1505 421 1546 τον
446 1482 486 1556 ὡς
510 1481 649 1573 ἐπαρκεῖν
675 1477 817 1561 ὥθευονί,
842 1479 1017 1555 κατάθασις
1041 1475 1093 1550 ἦν·
1120 1483 1171 1545 καί
1194 1489 1257 1557 πῶς
1276 1474 1326 1546 οὖν
1346 1482 1466 1571 ταχέως

372 1591 510 1682 ἠλλάχη,
530 1594 582 1656 καὶ
602 1590 752 1666 ἀνάθασις
771 1590 875 1682 γέγονε
892 1615 926 1667 »3

421 1745 481 1819 rtd'.
509 1751 733 1842 Σχολαστικὸςις
754 1752 851 1819 πλέων
875 1749 1014 1818 ἐπύθετο8
1036 1759 1089 1818 τοῦ
1106 1753 1285 1847 κυὲερνήτου
1304 1757 1400 1826 πόστη
1418 1763 1464 1828 εἴη

372 1861 472 1956 ὥραἿ·
492 1870 544 1929 τοῦ
561 1861 594 1929 dd
609 1866 650 1953 μὴ
663 1866 820 1956 γινώσκειν
834 1867 1002 1954 φήσαντος,
1022 1866 1157 1956 Ιἠρώτησε
1170 1867 1264 1941 πόσος
1281 1863 1343 1937 είη8
1358 1868 1464 1957 χρόνος

372 1974 424 2065 ἀρ’
443 1966 478 2040 οἷν
495 1976 548 2046 τὴν
565 1981 637 2039 ναῦν
654 1974 800 2066 κυθερνᾷ·
828 1979 880 2038 τοῦ
899 1970 932 2037 δὲ
949 1977 1019 2066 τρία
1037 1978 1086 2046 ἔτη
1105 1977 1271 2067 φήσαντος,
1294 2000 1309 2032 u
1328 1982 1395 2051 Πῶς
1415 1970 1465 2041 οὖν

372 2084 432 2176 ἐγώ
448 2110 464 2143 ιι
479 2090 550 2177 ἔφη,
568 2110 584 2145 τι
601 2087 657 2179 πρὸ
676 2083 706 2162 ἓξ
723 2094 823 2173 μηνῶν
839 2087 937 2149 οίκίαυ
956 2089 1134 2176 πρισίμενος,
1155 2085 1227 2150 όταν
1245 2089 1286 2161 εἰς
1302 2088 1354 2157 τὴν
1372 2087 1465 2159 αὺλίιν

371 2196 501 2287 κατέλθῃ
525 2199 539 2262 ό
560 2198 661 2281 ἥλιος,
687 2205 740 2272 τῆς
766 2196 846 2286 ὥρας
870 2199 1086 2284 στοχάζομαι,
1104 2196 1142 2260 σὺ
1163 2192 1196 2261 db
1214 2199 1273 2261 ἀπὸ
1290 2203 1342 2261 τοῦ
1359 2198 1465 2263 πλοίου

371 2311 581 2401 τεκμήρασθαι
598 2307 632 2373 οὐ
650 2304 798 2392 δύνασαι,
818 2305 952 2394 τοσούτῳ
970 2307 1068 2398 χρόνῳ
1085 2306 1159 2371 αὐτὸ
1176 2304 1341 2398 κυθερνώυ9
1353 2333 1389 2385 ιι;

383 2507 385 2510 ·
422 2462 461 2558 ζ’.
498 2470 723 2560 Σχολαστικός1
756 2471 897 2561 σοφιστὴς
929 2467 1101 2558 ἀξιούμενος
1131 2479 1188 2535 τῶν
1218 2471 1464 2541 ἀποθνησκόντων

403 2723 414 2789 ,¹
426 2721 502 2772 Abest
515 2721 546 2771 ab
557 2725 596 2780 M,
610 2731 635 2772 et
649 2721 751 2771 castoris.
934 2724 1026 2784 θόρε-νος
1044 2723 1178 2782 πυθόμενος.
1201 2719 1271 2780 Quod
1289 2720 1419 2770 monstravi
1434 2721 1465 2770 ad

406 2800 416 2827 ¹
428 2800 512 2858 Adri
526 2820 548 2849 τ.
564 2818 585 2850 o.
601 2801 742 2867 σεκσίιτερος.
755 2797 846 2863 Scripsi
857 2801 905 2848 ἀπό
934 2798 1047 2848 Philostr.
1055 2797 1134 2862 Epist.
1143 2813 1168 2861 p.
1178 2798 1220 2857 76,
1228 2797 1259 2846 ad
1267 2797 1361 2864 Eunap.
1371 2814 1397 2862 p.
1406 2799 1463 2849 519.

372 2889 398 2931 et
406 2881 545 2944 σεκσίιτωρος
556 2894 586 2927 ex
599 2877 760 2943 productione
769 2877 858 2936 latina3
869 2885 906 2925 est
968 2875 1028 2934 ⁷M,
1043 2886 1105 2934 πῶς,
1124 2887 1153 2942 τῇ
1169 2877 1228 2943 ὥρᾳ.
1245 2877 1367 2926 Poutaous
1384 2877 1465 2927 locum

373 2958 438 3008 enirn
452 2957 552 3007 latinum
565 2971 652 3005 nomen
667 2966 787 3006 «secutor
799 2974 810 2999 ι
822 2955 905 3018 graecis
935 2955 1058 3019 corrigens
1073 2955 1162 3003 tacite:
1178 2972 1189 2998 ι
1203 2964 1277 3019 quota
1291 2954 1351 3004 hora
1365 2966 1430 3005 esset
1442 2975 1463 3005 s.

372 3044 571 3100 repraesentatum
586 3035 682 3084 litteris.
696 3035 749 3096 Quo
762 3050 819 3083 usus
834 3042 907 3083 estet
967 3031 1009 3083 ⁸M
1026 3033 1079 3082 sine
1095 3034 1140 3088 εἴη.
1157 3031 1270 3096 Ejusdem
1288 3033 1355 3082 verbi
1371 3043 1466 3098 tempus

372 3112 555 3173 Artemidorus,
571 3114 601 3172 2,
619 3115 649 3161 32
670 3131 675 3160 z
693 3116 715 3162 εἰ
734 3114 759 3162 δὲ
775 3116 905 3180 σεκσύτσρι.
933 3112 1003 3161 deest
1028 3112 1151 3161 Platonico
1176 3111 1302 3176 Sisypho,
1331 3129 1358 3176 p.
1384 3115 1431 3161 933
1457 3133 1463 3161 :

374 3191 448 3242 Etibi
460 3191 542 3240 malim
557 3193 696 3257 σεκοὺτωρι,
715 3200 777 3240 utet
790 3194 907 3241 σεκσίιτω-
933 3198 1041 3241 σκεπτέον
1058 3197 1115 3256 ἡμῖν
1133 3192 1183 3240 ἐστι
1199 3198 1236 3240 νῦν
1253 3193 1297 3247 ἥδη
1315 3199 1340 3240 τί
1358 3193 1466 3255 ἐμποδὼν

371 3289 425 3339 ρσς,
448 3276 597 3337 σεκσντώρων
618 3270 643 3317 in
664 3268 742 3317 Dione
766 3270 857 3319 Cassio.
877 3270 905 3318 lu
932 3279 983 3326 ,τοῖς
1003 3276 1105 3331 ζητοῦσι.
1124 3269 1213 3333 Reperi
1233 3271 1257 3317 io
1277 3269 1332 3319 ood.
1347 3261 1426 3326 3009,
1442 3278 1466 3320 τί

372 3346 905 3412 AndreopuliSyntipa,p.183‚debuisseur
934 3349 995 3397 ἐστιν
1022 3349 1137 3410 ἐμποδών.
1165 3347 1286 3396 Corradus
1308 3348 1399 3412 duplex
1416 3352 1466 3399 ἐστι

372 3427 464 3491 eligere
478 3424 622 3490 scripturam
636 3429 817 3495 σπεκουλάπωρι.
933 3425 1055 3474 invenisse
1069 3423 1180 3472 ridetur:
1197 3443 1208 3468 ι
1223 3422 1293 3472 nobis
1306 3425 1467 3475 consideran-

407 3504 455 3554 ι’1ο
465 3504 488 3553 Μ
500 3505 528 3552 Μ
540 3523 546 3564 ;
560 3505 591 3552 63
606 3504 629 3551 in
645 3504 671 3552 P.
688 3503 764 3553 Abest
775 3520 790 3553 a
803 3505 905 3554 eaeteris.
934 3504 992 3553 dum
1012 3513 1050 3553 est
1062 3500 1121 3568 quid
1139 3516 1193 3550 esse
1207 3501 1370 3565 quaerentibus
1384 3502 1468 3566 impe-

406 3581 461 3639 ⁴A.
477 3587 616 3650 disrupistis
632 3583 726 3633 ὥδευον.
739 3583 776 3645 Μ,
791 3587 820 3639 ὡς
833 3583 907 3651 ἔπαρ-
934 3583 1042 3632 dimonto
1056 3580 1133 3644 possit
1152 3599 1174 3627 ι.
1194 3580 1277 3630 Obiter
1295 3580 1368 3630 alium
1384 3580 1465 3631 locum

373 3670 420 3711 κεῖν
440 3663 533 3712 ὁδεύων.
562 3660 653 3724 Recepi
676 3663 784 3729 ἐπαρκεῖν
806 3660 906 3711 verbum
935 3673 1030 3725 tangam
1052 3659 1166 3724 Sisyphi,
1183 3675 1209 3724 p.
1225 3659 1269 3706 231
1292 3677 1298 3705 ι
1317 3660 1362 3721 ἐγὼ
1376 3665 1422 3727 γὰρ
1441 3659 1466 3708 οὐ

373 3737 437 3788 bene
451 3739 576 3800 Graecum,
588 3739 632 3790 sed
646 3738 714 3804 cujus
726 3755 823 3789 sensum
841 3755 906 3790 nuno
934 3745 988 3806 περὶ
1006 3744 1048 3789 τοῦ
1065 3734 1090 3787 εὖ
1107 3740 1256 3805 βουλεύεσθαι
1270 3741 1323 3793 τοὺς
1340 3741 1419 3800 λόγους
1438 3741 1466 3788 ἂν

373 3816 413 3867 vix
432 3818 511 3882 capio.
526 3819 649 3868 Pontanus
665 3818 837 3869 honrodootus
853 3818 908 3868 hae-
934 3819 1047 3882 δυναίμην
1070 3821 1212 3873 ποιήσασθαι
1237 3823 1293 3883 πρὸς
1315 3823 1382 3866 ab...
1407 3819 1466 3867 ἀλλὰ

374 3894 444 3944 rebat
457 3897 524 3961 ipae,
535 3897 575 3962 qui
588 3898 673 3957 vertit,
687 3915 698 3941 ο
710 3911 765 3946 cum
780 3900 847 3962 prius
861 3897 907 3946 hac
935 3902 989 3964 περὶ
999 3895 1072 3945 αὖτοῦ
1083 3901 1124 3944 τοῦ
1132 3898 1282 3964 βουλεύεσθαι
1294 3896 1307 3945 ὅ
1319 3916 1343 3944 τι
1353 3897 1415 3945 ἐστὶν
1426 3897 1466 3958 ἐγ·

374 3973 420 4022 iter
431 3974 535 4024 iacerem
549 3997 561 4015 »
570 4012 577 4034 ‚
586 3976 666 4025 locum
678 3975 798 4024 difficilem
810 3975 907 4025 silentio
934 3977 1073 4042 χειρήσαιμ’
1086 3976 1114 4024 ἂν
1125 3975 1277 4037 διαλεχθῆναί
1289 3991 1333 4022 σοι.
1347 3973 1414 4023 idem
1426 3989 1467 4022 co-

374 4062 465 4114 praeter
475 4063 566 4101 vectus
580 4052 646 4101 Fort.
662 4053 820 4120 leg.,drerrp.
832 4074 908 4122 παρε-
935 4054 996 4115 dex,
1011 4057 1056 4117 ἐγὼ
1071 4060 1118 4120 γὰρ
1137 4050 1200 4102 οὔπω
1216 4059 1314 4120 aspie..
1334 4055 1394 4101 ἀλλὰ
1412 4061 1467 4120 περὶ

375 4139 411 4179 κεῖ
425 4131 478 4190 ὥδ.,
494 4130 576 4180 deleto
588 4133 687 4182 ἐνταῦθα
700 4148 846 4198 synonymo.
935 4133 1056 4184 αὖτοῡτσῦ
1063 4136 1211 4200 βουλεύεσθαι
1221 4141 1314 4199 πρῶτον
1323 4131 1365 4181 ὅτι
1374 4134 1464 4182 ἐστίν..

409 4208 457 4260 ΙἸιι
467 4210 491 4259 Μ
504 4210 549 4268 ῖθ,
561 4211 589 4257 ot
606 4210 629 4258 in
645 4210 671 4259 P.
689 4210 789 4261 Abestu
803 4211 906 4261 caeteris.
935 4211 1055 4261 Corradus
1065 4211 1109 4258 has
1120 4210 1248 4259 varietates
1263 4227 1310 4258 uon
1325 4211 1400 4260 novit.

408 4287 465 4346 ⁸M,
484 4291 599 4339 ἐπείθετο.
617 4288 658 4338 Sic
680 4289 779 4338 confusa
798 4300 908 4353 tempora
968 4288 1026 4349 ⁰M,
1046 4296 1236 4356 ρωνήσαντσς....
1256 4294 1405 4341 roseida...
1425 4300 1466 4347 τὴν

375 4369 490 4432 ἐπυθόμην
510 4368 633 4432 ἐπειθόμην
651 4367 675 4414 in
695 4367 781 4416 Iuliani
800 4368 908 4433 Epistola
935 4370 1108 4436 ὥρανστοχ....
1125 4371 1242 4435 κυθερνᾷν.

375 4447 466 4509 prima,
481 4446 538 4495 alibi
555 4454 683 4509 πέπεισμαι
697 4451 832 4510 πέπυσμαι,
851 4467 907 4496 πει-
969 4444 991 4472 ¹⁰
1001 4446 1028 4495 ln
1041 4447 1063 4494 Μ
1076 4448 1120 4505 16,
1133 4447 1165 4494 to
1179 4447 1203 4496 iu
1216 4447 1242 4496 P.
1253 4446 1350 4497 Abesta
1364 4449 1464 4497 caeteris.
