3684 5659
742 621 899 684 ΜΕΛΕΤΗ
925 610 969 684 Z'.
1329 621 1401 690 θἸῘ

309 750 477 848 δεινότερα.
497 754 543 820 Οὐ
560 755 618 843 μῆν
635 750 734 820 δὲκαὶ
750 754 835 843 ὑμεῖς
851 756 1005 843 ῆμελεῖτε,
1022 758 1041 827 ῆ
1058 759 1091 823 τό
1107 759 1324 850 στρατιωτικόν
1339 757 1409 846 ὑμῖν

308 866 470 959 ἐρρᾳθύμει
485 868 651 954 πολεμικῆς
670 864 810 954 μελέτης1
832 869 883 931 καί
903 864 1114 959 παρατάξεως.
1134 850 1207 934 Ᾱλλ’
1224 869 1327 954 εὐθύς,
1347 878 1407 934 τῶν

308 979 410 1044 ἄλλων
426 976 652 1066 βουλευομένων
674 986 738 1053 πῶς
761 979 798 1042 ἂν
820 980 858 1043 τά
877 983 931 1042 τού
947 980 1021 1069 πρὸς
1038 979 1167 1056 ἐκείνους
1184 979 1314 1067 πολέμου
1332 976 1407 1045 διά-

308 1091 415 1176 θησθε,
430 1089 551 1174 ἐκεῖνοι,
563 1092 828 1181 ἀναθαρρήσαντες
845 1091 897 1153 καί
916 1090 1003 1176 μένος
1017 1091 1143 1178 σχόντες
1154 1089 1290 1176 σύνηθες,
1305 1087 1405 1179 οἶμαι,

308 1202 362 1266 καὶ
385 1204 524 1291 πάτριον,
545 1203 597 1266 καὶ
624 1203 663 1265 τόι
683 1201 762 1267 ὅπλα
783 1198 942 1283 λαθόντες,
962 1196 1115 1291 ἐξώρμων.
1133 1204 1192 1266 Καὶ
1209 1201 1286 1267 πολύ
1302 1201 1355 1290 μὲν
1370 1203 1404 1268 τό

308 1307 453 1402 ὑμέτερον
468 1307 517 1397 ἦν,
536 1310 613 1377 πολὺ
627 1307 660 1376 δέ
673 1313 770 1376 καὶτὸ
782 1308 906 1387 ξενικόν.
919 1314 989 1401 Περὶ
1001 1303 1041 1375 ὧν
1051 1314 1286 1400 πυνθανόμενος,
1297 1319 1409 1384 ἤκουον

310 1422 351 1497 ὡς
377 1423 405 1486 οῖ
430 1421 484 1510 μὲν
508 1432 633 1515 τροφεῖα
656 1431 694 1511 τῇ
718 1422 802 1488 πόλει
827 1423 1009 1488 άποτιννύειν
1032 1420 1274 1511 σπουδάζουσιν,
1300 1429 1326 1493 οἱ
1351 1425 1403 1513 δέ,

308 1535 423 1627 τροφὰς
441 1532 645 1620 λαμθάνοντες
661 1537 713 1599 καὶ
734 1534 876 1622 μισθούς,
897 1534 1060 1626 ἐπικούρων
1076 1534 1220 1624 ἐπέχουσι
1237 1534 1333 1623 τάξιν,
1353 1543 1405 1606 καῖ

309 1647 466 1734 μάχονται
492 1640 649 1717 συστάδην
673 1644 744 1711 καθ’
768 1645 893 1721 ἑαυτούς
921 1645 1079 1737 ἑκάτεροι,
1108 1650 1172 1711 ἔστι
1198 1643 1227 1712 δ’
1252 1646 1326 1713 ὅπου
1353 1652 1405 1715 καῖ

310 1751 438 1844 ἀναμίξ.
465 1757 504 1821 Τό
531 1758 591 1848 γάρ
617 1756 749 1822 εὐνοϊκὸν
772 1759 846 1849 πρός
869 1758 920 1828 τῆν
943 1757 1028 1823 πόλιν
1054 1766 1112 1823 τῶν
1137 1754 1226 1835 ξένων
1249 1759 1283 1825 οὐ
1308 1757 1407 1837 ξένους

311 1866 441 1952 αὐτούς,
468 1866 536 1934 ἀλλ’
562 1866 729 1959 αὐθιγενεῖς
755 1870 979 1960 ἀπεργάζεται·
1008 1871 1060 1933 καῖ
1086 1871 1210 1959 κρείττω
1233 1870 1283 1934 τόν
1307 1872 1409 1936 εὔνουν

310 1973 394 2053 ξένον
408 1977 428 2049 ἢ
441 1979 492 2044 τόν
506 1975 627 2055 δύςνουν
644 1979 768 2049 πολίτην
787 1977 873 2068 (ἀλλ’
889 1975 999 2050 ἀπεέη’
1013 1979 1048 2044 τό
1063 1973 1263 2069 βλάσφημον)
1278 1984 1405 2073 ἔκρινον.

310 2091 372 2154 Καί
391 2084 431 2161 δῆ
447 2087 711 2181 παραταξάμενοι,
728 2093 800 2174 καί,
822 2091 862 2165 ὡς
880 2090 983 2182 ἐχρῆν,
1004 2091 1055 2156 τὸν
1070 2091 1199 2178 πόλεμον
1216 2086 1405 2180 διαθέμενοι,

312 2196 398 2290 εἶχον
416 2198 470 2287 μὲν
487 2197 566 2267 ούτω
581 2209 777 2292 παρασκευῆς
796 2203 848 2265 καί
866 2203 978 2291 ῥοπῆς,
1002 2201 1112 2277 ὥςτεῆ
1132 2203 1214 2267 κατὰ
1232 2205 1343 2294 κράτος
1358 2228 1407 2269 νι-

311 2319 426 2396 κῆσαι,
445 2312 531 2383 ῆκαῖ
549 2312 603 2382 τῆν
621 2313 700 2388 ζωῆν
715 2311 969 2403 προςαπούαλεῖν.
986 2293 1071 2378 Ᾰλλόι
1085 2321 1190 2377 νικῶσι
1205 2315 1244 2378 τὰ
1259 2322 1317 2378 τῶν
1334 2317 1409 2380 θεῶν

310 2456 363 2471 -
375 2424 429 2488 καὶ
446 2426 476 2487 τι’
492 2423 552 2514 γάρ
574 2424 611 2488 όιν
635 2420 733 2514 ἕτερον
756 2430 887 2510 ε’ίποιμι;
901 2458 951 2471 -
963 2423 1037 2512 πρὸς
1058 2420 1116 2498 οὐς
1132 2417 1197 2486 οὐδ’
1217 2423 1232 2487 ό
1249 2426 1406 2515 καρτερώ-

311 2557 405 2610 τατος
429 2535 583 2623 ἀντισχεῖν
608 2535 646 2600 άν
671 2531 806 2599 δύναιτο.
834 2535 893 2599 Καὶ
916 2533 1005 2598 τόσον
1027 2534 1139 2598 ὡθούσι
1161 2531 1230 2608 τούς
1250 2532 1409 2626 ὑμετέρους

311 2644 439 2726 ἐκεῖνοι,
462 2643 535 2721 ὥςτε
552 2672 593 2711 κα
841 2670 909 2720 ταις
927 2644 1037 2720 πυλαις
1055 2652 1107 2720 τῆς
1124 2643 1238 2720 πόλεως
1255 2645 1407 2711 τελεῖσθαι

311 2757 364 2822 τόν
379 2756 522 2844 πόλεμον.
541 2759 600 2823 Καὶ
625 2753 725 2834 οὐδεὶς
741 2753 789 2842 ῆν,
811 2755 845 2822 οὐ
863 2757 987 2848 μικρός,
1010 2754 1044 2819 οὐ
1067 2755 1182 2847 μέγας,
1211 2755 1307 2842 όςτις,
1333 2754 1408 2842 βοῆς

312 2867 429 2943 ἐκείνης
448 2866 584 2944 οἰκούσας
601 2871 653 2933 καί
676 2869 842 2960 πολυθρόου
864 2867 991 2958 θορύόου
1007 2866 1113 2958 ἐγγύς,
1134 2868 1174 2943 ὡς
1192 2870 1333 2953 εἰκάσαι,
1354 2868 1408 2933 οὐκ

313 2977 402 3055 εὐθὺς
414 2978 449 3043 τό
464 2987 566 3067 τεῖχος
583 2977 734 3043 άνέόαινε.
755 2980 814 3042 Καὶ
832 2973 961 3062 παῖδες,
981 2979 1032 3042 καὶ
1051 2988 1209 3069 γυναῖκες,
1230 2981 1281 3043 καὶ
1299 2978 1407 3070 γέρον-

312 3114 380 3174 τες,
405 3089 472 3177 ἐμοὶ
499 3084 616 3174 δοκεῖν,
645 3092 697 3155 καὶ
722 3083 767 3164 οἷς
793 3085 867 3154 ἰδεῖν
887 3087 960 3155 ποτέ
984 3089 1018 3154 τὸ
1039 3099 1141 3179 τεῖχος
1162 3074 1216 3156 οὐκ
1241 3086 1406 3181 ἐξεγένετο,

313 3199 382 3268 οὐδ’
401 3202 508 3268 ἐκεῖνοι
527 3205 650 3273 άπῆσαν
674 3199 786 3285 ἐκεῖθι,
811 3206 864 3266 τοῦ
885 3200 979 3293 ρόθου
994 3204 1110 3277 πάντας
1128 3204 1181 3266 καὶ
1201 3209 1254 3277 τῆς
1271 3210 1410 3293 ταραχῆς

313 3309 484 3389 ἔλκοντοςθ.

363 3404 498 3496 Ᾰνῆλθον
517 3423 572 3490 οὐν
596 3432 660 3499 τοῖς
680 3423 783 3500 ἄλλοις
803 3426 903 3516 κάγώ.
924 3405 1073 3508 Ᾰνῆλθον,
1100 3425 1151 3487 καί
1172 3423 1226 3488 οὐκ
1245 3425 1406 3513 ἀρνοῦμαι.

314 3535 397 3608 Πλὴν
410 3536 444 3602 οὐ
457 3534 529 3602 κατ’
543 3535 673 3611 ἐκείνους
685 3536 773 3627 κάγὼ
785 3537 839 3607 τῆν
855 3531 964 3602 άνοδον
982 3534 1155 3621 ἐποιούμην,
1176 3529 1242 3599 οὐδ’
1256 3532 1302 3626 ἐρ’
1316 3534 1410 3621 ὁμοίῳ

313 3655 358 3736 τῷ
378 3655 498 3736 σκοπῷ.

364 3738 450 3824 Ᾰλλόι
475 3752 621 3832 συνειδὼς
645 3754 698 3844 μὲν
723 3755 844 3844 ἐμαυτῷ
864 3756 1010 3833 πολλάκις
1031 3755 1179 3844 πολέμους
1196 3750 1409 3847 συνδιενέγκας

314 3879 378 3946 τοῖς
396 3866 479 3957 ἐμοῖς
491 3868 628 3944 πολίταις
642 3865 715 3959 ὑπὲρ
728 3875 787 3932 τῶν
806 3863 935 3932 δικαίων
950 3876 1003 3944 τῆς
1020 3867 1206 3960 θρεψαμένης
1223 3865 1409 3955 μεπόλεως,

315 3975 461 4056 συνειδὼς
478 3974 581 4044 δὲκαὶ
600 3988 706 4070 πεῖραν
724 4003 802 4067 εχων
820 3977 865 4043 ἐπὶ
884 3988 947 4054 τοῖς
964 3977 1110 4055 τοιούτοις
1127 3978 1262 4070 αὐτάρκη
1280 3978 1332 4040 καὶ
1351 3971 1409 4041 δο-

316 4094 426 4180 κιμῆν,
451 4089 598 4179 λαμβάνω
620 4089 783 4182 λογισμόν,
807 4088 861 4155 οὐκ
878 4085 939 4154 οἷδ’
957 4089 1061 4154 ὁπόθεν
1078 4115 1129 4178 μοι
1147 4087 1306 4154 ἐπελθόντα
1322 4087 1409 4171 τότε,

348 4301 467 4354 ‘Eadem
495 4299 605 4366 syntaxis
635 4298 702 4348 verbi
739 4302 851 4368 ῥᾳθυμεῖν
879 4296 1030 4359 temporibus
1071 4295 1103 4346 ad
1142 4295 1274 4346 Planudem
1312 4293 1411 4347 Μεικπι.

313 4380 461 4449 μόναι.
877 4378 973 4443 μειι.
1017 4387 1020 4393 ·

348 4452 480 4520 ’codex‚
505 4458 587 4515 ιἰπήιι.
611 4457 646 4506 De
672 4457 776 4507 confusis
803 4456 851 4506 illis
913 4454 1000 4505 'vide
1011 4471 1035 4521 p.
1051 4457 1110 4516 102,
1125 4472 1149 4505 ιι.
1166 4458 1191 4504 3.
