3684 5659
439 607 487 676 74
774 615 809 672 Γ.
838 612 911 675 ΤΟΥ
936 609 1192 674 ΠΑΧΥΜΕΡΟΥΣ

438 745 626 836 ἀνθρώπινας
648 744 682 808 ού
703 753 811 834 χεῖρας
831 744 990 833 ε’μθοίλλειν
1010 755 1074 822 τοῖς
1094 744 1258 836 ὀφθαλμοῖς
1273 770 1352 832 μου,
1371 745 1407 813 ού
1424 772 1530 815 κατα-

438 864 534 940 σπᾷν,
555 854 589 920 ού
609 853 737 946 φονεύειν
753 856 806 919 καί
827 853 917 941 μέσον
934 853 1016 941 ὑμῶν
1034 853 1154 941 ἔμελλες

484 964 663 1052 Διενοούμην
681 961 844 1056 προδοῦναι
860 966 912 1035 τὴν
929 965 1014 1030 πόλιν
1027 964 1103 1055 ἐγώ,
1119 959 1197 1029 ὦτά
1210 967 1310 1031 πάντα
1324 965 1363 1031 σὺ
1375 966 1528 1058 τολμηρὲ;

436 1079 465 1141 τί
482 1081 573 1167 γοῦνς
594 1078 645 1140 καὶ
665 1072 847 1166 προύδωκα·
874 1073 942 1140 ἀλλ’
968 1073 1117 1145 ἐκωλύθην
1140 1075 1177 1139 όιν
1203 1083 1240 1164 τῇ
1263 1084 1302 1165 σῇ
1325 1078 1453 1167 προνοίᾳ
1475 1082 1530 1143 τού

437 1188 538 1270 εὔνου,
555 1181 830 1287 τρύφιλοπόλιδος.
849 1187 885 1249 Τί
902 1186 935 1249 τὸ
949 1180 1116 1268 κωλῦσαν,
1132 1184 1196 1249 εἰπέ
1208 1210 1277 1272 μοι,
1295 1186 1337 1273 μὴ
1349 1184 1420 1251 κατ’
1434 1184 1530 1258 αὐτὴν

437 1293 475 1367 δὴ
492 1297 544 1367 τὴν
563 1293 717 1379 όιάνοιαν,
736 1297 772 1368 ἢν
790 1295 965 1383 ἀναπλάττῃ
983 1293 1099 1377 σοθῶν,
1119 1303 1214 1359 ποιεῖν
1232 1293 1284 1382 ε’μὲ
1299 1296 1367 1360 τότε
1383 1298 1440 1372 τὰς
1455 1300 1530 1372 ναῦς

435 1405 612 1484 καύσαντας
631 1386 816 1497 θρωτκίσατέ
831 1404 900 1481 τοὺς
916 1403 947 1468 ἐν
962 1404 1081 1496 φυλακῇ
1097 1403 1237 1489 τούτους,
1257 1404 1326 1481 τοὺς
1339 1404 1368 1470 ἐν
1383 1400 1527 1492 δεσμοῖς,

434 1515 504 1591 τοὺς
525 1515 558 1581 ἐκ
579 1516 695 1581 πολλῶν
717 1516 837 1606 ὀλίγους
853 1512 1103 1605 ἀπολειφθέντας,
1122 1521 1186 1589 πῶς
1201 1515 1433 1605 παρεταττόμην
1453 1512 1530 1578 τού-

434 1651 515 1710 τοις,
534 1635 598 1701 πῶς
612 1627 801 1716 ἠγωνιζόμην
818 1627 895 1712 μετά
911 1633 970 1688 τῶν
989 1622 1155 1714 ἡμετέρων,
1175 1625 1304 1699 πῶςτὸν
1321 1623 1452 1711 πόλεμον
1470 1648 1530 1712 με·

436 1739 617 1828 τεχείριζον,
645 1739 669 1799 εἰ
695 1733 943 1821 ἀναθεύλημένως
967 1736 1018 1798 καὶ
1043 1733 1208 1821 μαλακῶς,
1232 1733 1252 1805 ἦ
1273 1736 1332 1821 μὴν
1354 1733 1530 1826 ε’ῤῥωμὲνως

435 1850 488 1912 καὶ
509 1848 585 1934 μετὰ
602 1854 736 1938 χρηστῆς
753 1846 834 1921 τινὸς
851 1843 1041 1931 ὑπολήψεως.

484 1959 521 2020 Τι’
535 1959 608 2046 φύςς
627 1952 717 2031 ἀξια’
732 1961 829 2021 ταῦτα
846 1964 940 2034 νηῶν;
959 1957 1011 2020 καὶ
1030 1953 1180 2026 τοσαύτην
1202 1951 1412 2047 ἀνδραγαθίαν
1428 1956 1529 2046 στόλῳ

436 2068 482 2141 τὶς
498 2068 690 2151 ἀντιστήσει,
713 2068 876 2157 συγκρίνων
892 2067 932 2129 τὰ
949 2066 991 2153 μὴ
1008 2061 1160 2152 δεχόμενα
1176 2064 1354 2156 σύγκρισιν;
1372 2070 1452 2142 Νῆες
1473 2066 1529 2133 οὐκ

436 2177 492 2239 εἰσὶ
510 2182 547 2263 τῇ
563 2174 666 2254 πόλεις
685 2174 764 2239 ἀλλά
781 2177 847 2246 νίκη
865 2175 990 2266 λαμπρά
1007 2174 1176 2266 περιστέφει
1191 2174 1316 2245 ταύτην.
1337 2175 1450 2251 Στόλος
1473 2175 1529 2243 ούκ

436 2288 534 2361 ίστινς
553 2283 621 2349 ἀλλ’
639 2284 791 2376 ἐλευθερία
807 2285 957 2378 προςγελᾷ
972 2293 1046 2349 πᾶσι
1062 2294 1125 2360 τοῖς
1142 2284 1172 2350 ἐν
1187 2293 1225 2373 τῇ
1241 2279 1355 2349 πόλεθ.
1376 2283 1422 2349 Οὐ
1438 2286 1528 2349 συνί-

435 2418 546 2460 σταται
572 2392 716 2482 πλόϊμονδ
729 2395 858 2475 πλῆθος;
882 2395 962 2460 ἀλλά
978 2396 1194 2487 τροπαιοφόρον
1215 2393 1467 2486 ἀνακηρύττεται.
1492 2397 1529 2465 Τι’

435 2503 469 2572 δὲ
490 2509 542 2572 καί
566 2507 600 2571 τὸ
616 2515 675 2571 τῶν
693 2516 769 2578 νηῶν
788 2510 888 2599 ἔργον,
903 2508 956 2571 καὶ
977 2507 1007 2570 τί
1025 2507 1203 2595 χρησόμεθα
1217 2504 1362 2584 ταύταις;
1382 2504 1453 2593 οὐχί
1474 2500 1528 2571 διὰ

434 2619 520 2694 νίκας
539 2620 591 2683 καί
606 2618 757 2708 τρόπαια;

483 2730 543 2791 Καί
556 2729 586 2790 τί
601 2751 636 2816 γε
653 2725 728 2791 ἀλλο
744 2729 824 2790 ἔστιν
841 2722 959 2790 εἰπεῖν’.
978 2729 1015 2790 Εἰ
1031 2731 1101 2817 γοῦν
1120 2732 1247 2811 νικῶμεν
1263 2725 1315 2788 καὶ
1329 2719 1407 2812 δίχα
1419 2732 1494 2791 νεῶν
1501 2721 1525 2811 ¹,

433 2837 466 2899 τὸ
484 2844 542 2899 τῶν
558 2843 630 2900 νεῶν
648 2839 732 2926 ἔργον
753 2838 867 2926 γίνεται
886 2835 989 2920 πόλιν,
1012 2838 1063 2900 καὶ
1085 2841 1211 2927 ’όργανον
1229 2833 1281 2921 μὲν
1300 2840 1374 2909 ἴσως
1389 2835 1527 2901 ἀπώλετο

433 2947 534 3029 νίκης,
554 2949 640 3038 ἔργον
659 2941 692 3009 δὲ
714 2946 857 3020 σώζεται.
880 2947 939 3009 Καὶ
965 2947 1006 3032 μὴ
1026 2955 1132 3011 νικῶσι
1150 2945 1203 3034 μὲν
1224 2947 1271 3021 τίς
1294 2944 1331 3008 ἀν
1353 2938 1390 3014 ἦν
1416 2953 1528 3037 χρῆσις

434 3063 518 3139 νεῶν,
539 3056 575 3121 ἀν
587 3055 660 3131 τέως
677 3062 797 3144 εἴχομεν
812 3054 943 3140 ταύτας,
963 3058 1070 3144 καὶμὴ
1085 3057 1158 3149 παρ’
1176 3057 1294 3122 ἐκείνων
1312 3053 1526 3144 ε’πυρπολήθη-

435 3190 510 3243 σαν;
530 3174 634 3230 νικῶσι
653 3162 686 3230 δὲ
704 3169 767 3230 ἔστι
783 3168 835 3230 καῖ
855 3165 969 3242 ταύτας
987 3169 1159 3237 κτήσασθαι
1173 3168 1276 3233 πόλιν.

483 3282 572 3341 Ποῖον
590 3268 641 3341 ούν
660 3280 781 3363 μεῖζον;
800 3276 834 3340 τό
851 3276 1035 3368 σννειςφέρον
1052 3279 1103 3341 καὶ
1123 3280 1259 3370 θάτερον,
1275 3279 1360 3366 ύτό,
1379 3283 1437 3349 κάν
1452 3281 1527 3349 αὐτὸ

434 3538 546 3602 praefero.
556 3538 698 3589 Theodorus
710 3538 795 3589 Prodi.
806 3537 934 3589 Rhodante
942 3541 967 3589 in
995 3541 1023 3590 G.
1037 3541 1147 3590 Dindorf.
1163 3549 1266 3609 τριήρεις
1281 3547 1393 3607 πλοῖμους
1404 3559 1419 3593 υ
1431 3545 1528 3598 coditi-

434 3615 609 3682 Supplemento
619 3616 734 3666 Bassiano
742 3652 749 3676 ,
757 3632 780 3667 v.
794 3618 854 3665 1812
866 3622 968 3674 καὶτοὺς
993 3619 1040 3670 bus
1053 3618 1130 3670 edidit
1141 3635 1187 3684 pro
1194 3619 1300 3670 lectione
1306 3630 1390 3671 vetare
1396 3626 1527 3688 πλωίμους.

433 3694 605 3755 ύπαλγύννντας
630 3695 654 3743 ἐν
676 3700 752 3753 τόκοις
773 3699 862 3752 πόνους.
884 3694 967 3745 Malim
994 3698 1030 3746 Αε
1043 3706 1127 3746 monet
1137 3697 1174 3746 vir
1187 3695 1213 3746 d.
1227 3696 1251 3744 in
1265 3696 1392 3748 Thesauro
1408 3698 1528 3765 Stephani

433 3772 517 3835 ίποιλγ.
993 3778 1098 3838 πλεύϊμον
1109 3772 1235 3822 'themistii
1250 3773 1291 3823 0¹⁸.
1306 3775 1337 3822 26
1345 3810 1352 3834 ,
1361 3791 1388 3839 p.
1405 3777 1451 3824 381
1462 3814 1469 3835 ,
1480 3778 1527 3838 29,

467 3849 706 3911 ’θούεπ,κωλύοαν.
992 3866 1046 3901 εστιν
1077 3850 1257 3915 corrigendum.
1278 3850 1354 3912 Quam
1380 3854 1527 3904 sententiam

466 3926 584 3977 ’Schola
598 3932 655 3995 πρός
667 3946 702 3986 τις
992 3926 1119 3979 συνθετικαὶ
1138 3927 1230 3978 codicis
1249 3926 1403 3978 Ambrosiani
1419 3945 1529 3996 apogra-

466 4004 611 4075 ’Προςγιλιῇ
625 4005 710 4055 eadem
720 4004 863 4070 metaphora
874 4021 899 4071 p.
913 4007 945 4057 80
957 4025 964 4056 ι
992 4006 1067 4071 phum
1078 4005 1240 4056 valestinum.
1257 4004 1283 4054 in
1303 4004 1460 4070 Pachymen‘a
1473 4007 1527 4058 Απ-

431 4095 497 4139 πῖισα
516 4091 604 4149 γαλήνη
625 4093 664 4136 καὶ
684 4093 750 4136 πῖιυα
770 4090 913 4144 κατάστασις
936 4097 966 4154 τῇ
993 4084 1109 4146 ἀνοσίου,
1130 4084 1160 4144 5,
1178 4083 1222 4141 ld,
1247 4082 1337 4132 dicitur
1356 4084 1468 4134 Huzalon
1485 4093 1528 4138 τοῦ

431 4170 496 4217 πόλει
508 4167 615 4231 ίπιγελᾷ.
992 4166 1099 4226 πλυίμσυ
1119 4168 1192 4225 μέγας
1210 4162 1373 4229 θρονγγάριοε.
1390 4161 1432 4212 ΡΙ.
1451 4163 1528 4214 Galli·

464 4242 475 4268 ⁴
487 4242 571 4293 Codex
588 4245 639 4303 sic,
650 4247 758 4308 πλόϊμον.
771 4240 830 4303 Quae
846 4241 967 4308 scriptura
993 4239 1101 4297 athenea,
1119 4244 1142 4297 t,
1157 4239 1203 4288 29:
1217 4248 1263 4288 τῶν
1273 4242 1387 4302 πλοΐμων
1405 4239 1525 4304 δυνάμεις.

431 4335 482 4384 praa
495 4320 572 4371 altera
584 4337 629 4385 per
644 4321 750 4373 litteram
768 4341 786 4370 ω
804 4319 895 4369 criticis
909 4318 967 4367 viria
1028 4313 1132 4367 'Codex
1141 4316 1177 4366 aie
1194 4325 1258 4376 νεῶν,
1271 4325 1298 4366 ut
1308 4315 1423 4366 etatatim
1433 4316 1488 4378 bia,
1502 4327 1527 4368 et

432 4396 520 4460 placet.
535 4395 562 4445 lu
578 4398 691 4448 Aristidis
706 4397 845 4456 Rhodiaca,
858 4412 884 4460 ρ,
901 4396 963 4454 ῖθθ,
993 4393 1070 4453 inira,
1081 4410 1156 4459 quum
1167 4394 1224 4445 alibi
1235 4404 1293 4450 νηῶν
1310 4392 1437 4444 exhibeat.
