<?xml version="1.0" encoding="UTF-8"?>
<!DOCTYPE html PUBLIC "-//W3C//DTD XHTML 1.0 Transitional//EN"
    "http://www.w3.org/TR/xhtml1/DTD/xhtml1-transitional.dtd">
<html xmlns="http://www.w3.org/1999/xhtml" xml:lang="en" lang="en">
 <head>
  <title>
</title>
<meta http-equiv="Content-Type" content="text/html;charset=utf-8" />
  <meta name='ocr-system' content='tesseract 3.04.00' />
  <meta name='ocr-capabilities' content='ocr_page ocr_carea ocr_par ocr_line ocrx_word'/>
</head>
<body>
  <div class='ocr_page' id='page_1' title='image "./gpachymerisdecl00hiergoog_0104.png"; bbox 0 0 3684 5659; ppageno 0'>
   <div class='ocr_carea' id='block_1_1' title="bbox 444 592 1195 664">
    <p class='ocr_par' dir='ltr' id='par_1_1' title="bbox 444 592 1195 664">
     <span class='ocr_line' id='line_1_1' title="bbox 444 592 1195 664; baseline -0.013 -2"><span class='ocrx_word' id='word_1_1' title='bbox 444 592 490 664; x_wconf 87' lang='lat'>80</span> <span class='ocrx_word' id='word_1_2' title='bbox 660 651 663 656; x_wconf 97' lang='lat'>.</span> <span class='ocrx_word' id='word_1_3' title='bbox 781 599 815 655; x_wconf 86' lang='grc' dir='ltr'>Γ.</span> <span class='ocrx_word' id='word_1_4' title='bbox 843 596 916 657; x_wconf 86' lang='grc' dir='ltr'>ΤΟΥ</span> <span class='ocrx_word' id='word_1_5' title='bbox 941 592 1195 657; x_wconf 83' lang='grc' dir='ltr'><strong>ΠΑΧΥΜΕΡΟΥΣ</strong></span> 
     </span>
    </p>
   </div>
   <div class='ocr_carea' id='block_1_2' title="bbox 403 725 1546 3344">
    <p class='ocr_par' dir='ltr' id='par_1_2' title="bbox 444 725 1544 2576">
     <span class='ocr_line' id='line_1_2' title="bbox 444 725 1536 821; baseline -0.002 -25"><span class='ocrx_word' id='word_1_6' title='bbox 444 738 515 796; x_wconf 84' lang='grc' dir='ltr'>σ’ίνεν</span> <span class='ocrx_word' id='word_1_7' title='bbox 532 739 586 805; x_wconf 89' lang='grc' dir='ltr'>τὴς</span> <span class='ocrx_word' id='word_1_8' title='bbox 604 728 750 819; x_wconf 81' lang='grc' dir='ltr'>ὑμετέρας</span> <span class='ocrx_word' id='word_1_9' title='bbox 768 735 881 815; x_wconf 81' lang='grc' dir='ltr'><strong>φωνῆς,</strong></span> <span class='ocrx_word' id='word_1_10' title='bbox 902 730 981 789; x_wconf 84' lang='grc' dir='ltr'>ἔστιν</span> <span class='ocrx_word' id='word_1_11' title='bbox 1002 725 1065 812; x_wconf 82' lang='grc' dir='ltr'>ἐμοὶ</span> <span class='ocrx_word' id='word_1_12' title='bbox 1083 736 1169 809; x_wconf 81' lang='grc' dir='ltr'>νικᾷν</span> <span class='ocrx_word' id='word_1_13' title='bbox 1183 727 1233 790; x_wconf 86' lang='grc' dir='ltr'>τὸν</span> <span class='ocrx_word' id='word_1_14' title='bbox 1251 728 1427 793; x_wconf 72' lang='grc' dir='ltr'>ἀντίπαλον.</span> <span class='ocrx_word' id='word_1_15' title='bbox 1445 733 1536 821; x_wconf 86' lang='grc' dir='ltr'>Μαρ-</span> 
     </span>
     <span class='ocr_line' id='line_1_3' title="bbox 444 835 1535 933; baseline -0.002 -27"><span class='ocrx_word' id='word_1_16' title='bbox 444 851 558 933; x_wconf 88' lang='grc' dir='ltr'>τυρεῖτε</span> <span class='ocrx_word' id='word_1_17' title='bbox 573 843 689 923; x_wconf 79' lang='grc' dir='ltr'>τοίνυν,</span> <span class='ocrx_word' id='word_1_18' title='bbox 710 839 750 912; x_wconf 89' lang='grc' dir='ltr'>ῶς</span> <span class='ocrx_word' id='word_1_19' title='bbox 764 840 829 912; x_wconf 86' lang='grc' dir='ltr'>ἔθος</span> <span class='ocrx_word' id='word_1_20' title='bbox 843 835 912 923; x_wconf 81' lang='grc' dir='ltr'>ὑμῖν</span> <span class='ocrx_word' id='word_1_21' title='bbox 926 846 1086 929; x_wconf 81' lang='grc' dir='ltr'>μαρτυρεῖν</span> <span class='ocrx_word' id='word_1_22' title='bbox 1099 835 1178 911; x_wconf 73' lang='grc' dir='ltr'>τοῖς1</span> <span class='ocrx_word' id='word_1_23' title='bbox 1193 836 1239 902; x_wconf 84' lang='grc' dir='ltr'>ἐπί</span> <span class='ocrx_word' id='word_1_24' title='bbox 1253 845 1307 912; x_wconf 79' lang='grc' dir='ltr'>τῆς</span> <span class='ocrx_word' id='word_1_25' title='bbox 1317 836 1535 929; x_wconf 80' lang='grc' dir='ltr'>παρατάξεως,</span> 
     </span>
     <span class='ocr_line' id='line_1_4' title="bbox 444 945 1539 1040; baseline -0.003 -24"><span class='ocrx_word' id='word_1_26' title='bbox 444 955 520 1026; x_wconf 90' lang='grc' dir='ltr'>τίνες</span> <span class='ocrx_word' id='word_1_27' title='bbox 540 951 566 1015; x_wconf 80' lang='grc' dir='ltr'>οἱ</span> <span class='ocrx_word' id='word_1_28' title='bbox 586 950 650 1037; x_wconf 81' lang='grc' dir='ltr'>ἐμοὶ</span> <span class='ocrx_word' id='word_1_29' title='bbox 673 949 757 1038; x_wconf 87' lang='grc' dir='ltr'>λόγοι</span> <span class='ocrx_word' id='word_1_30' title='bbox 779 946 823 1012; x_wconf 81' lang='grc' dir='ltr'>ὅτ’</span> <span class='ocrx_word' id='word_1_31' title='bbox 842 954 962 1034; x_wconf 81' lang='grc' dir='ltr'>εἴχομεν</span> <span class='ocrx_word' id='word_1_32' title='bbox 981 949 1035 1022; x_wconf 88' lang='grc' dir='ltr'>τόις</span> <span class='ocrx_word' id='word_1_33' title='bbox 1055 949 1239 1034; x_wconf 86' lang='grc' dir='ltr'>ἀνακωχοίς,</span> <span class='ocrx_word' id='word_1_34' title='bbox 1260 947 1337 1022; x_wconf 90' lang='grc' dir='ltr'>τίνες</span> <span class='ocrx_word' id='word_1_35' title='bbox 1361 948 1392 1011; x_wconf 84' lang='grc' dir='ltr'>αἱ</span> <span class='ocrx_word' id='word_1_36' title='bbox 1415 945 1539 1040; x_wconf 81' lang='grc' dir='ltr'>προέξεις</span> 
     </span>
     <span class='ocr_line' id='line_1_5' title="bbox 446 1052 1536 1148; baseline -0.003 -21"><span class='ocrx_word' id='word_1_37' title='bbox 446 1061 490 1127; x_wconf 82' lang='grc' dir='ltr'>ὅτ’</span> <span class='ocrx_word' id='word_1_38' title='bbox 506 1057 579 1148; x_wconf 83' lang='grc' dir='ltr'>ἡμεν</span> <span class='ocrx_word' id='word_1_39' title='bbox 603 1060 648 1125; x_wconf 81' lang='grc' dir='ltr'>ε’πί</span> <span class='ocrx_word' id='word_1_40' title='bbox 666 1067 724 1123; x_wconf 93' lang='grc' dir='ltr'>τῶν</span> <span class='ocrx_word' id='word_1_41' title='bbox 742 1062 835 1148; x_wconf 87' lang='grc' dir='ltr'>ἔργων</span> <span class='ocrx_word' id='word_1_42' title='bbox 851 1062 1024 1132; x_wconf 81' lang='grc' dir='ltr'>πονοῦντες·</span> <span class='ocrx_word' id='word_1_43' title='bbox 1049 1059 1074 1120; x_wconf 85' lang='grc' dir='ltr'>εἰ</span> <span class='ocrx_word' id='word_1_44' title='bbox 1091 1052 1213 1131; x_wconf 81' lang='grc' dir='ltr'>θύςυους</span> <span class='ocrx_word' id='word_1_45' title='bbox 1229 1055 1322 1147; x_wconf 84' lang='grc' dir='ltr'>λέγων</span> <span class='ocrx_word' id='word_1_46' title='bbox 1339 1055 1536 1148; x_wconf 78' lang='grc' dir='ltr'>ῦρωρώμην’,</span> 
     </span>
     <span class='ocr_line' id='line_1_6' title="bbox 446 1161 1539 1258; baseline -0.003 -22"><span class='ocrx_word' id='word_1_47' title='bbox 446 1174 471 1236; x_wconf 87' lang='grc' dir='ltr'>εί</span> <span class='ocrx_word' id='word_1_48' title='bbox 494 1172 544 1235; x_wconf 85' lang='grc' dir='ltr'>τόν</span> <span class='ocrx_word' id='word_1_49' title='bbox 565 1166 659 1256; x_wconf 79' lang='grc' dir='ltr'>δῆμον</span> <span class='ocrx_word' id='word_1_50' title='bbox 682 1166 819 1258; x_wconf 78' lang='grc' dir='ltr'>ύθριζον,</span> <span class='ocrx_word' id='word_1_51' title='bbox 844 1169 868 1230; x_wconf 85' lang='grc' dir='ltr'>εἰ</span> <span class='ocrx_word' id='word_1_52' title='bbox 892 1167 945 1236; x_wconf 89' lang='grc' dir='ltr'>τὴν</span> <span class='ocrx_word' id='word_1_53' title='bbox 966 1165 1051 1230; x_wconf 89' lang='grc' dir='ltr'>πόλιν</span> <span class='ocrx_word' id='word_1_54' title='bbox 1072 1161 1300 1256; x_wconf 82' lang='grc' dir='ltr'>ε’λοιθορούμην,</span> <span class='ocrx_word' id='word_1_55' title='bbox 1320 1169 1345 1230; x_wconf 86' lang='grc' dir='ltr'>εί</span> <span class='ocrx_word' id='word_1_56' title='bbox 1364 1168 1406 1255; x_wconf 91' lang='grc' dir='ltr'>μὴ</span> <span class='ocrx_word' id='word_1_57' title='bbox 1424 1167 1539 1255; x_wconf 72' lang='grc' dir='ltr'>μᾶλλον</span> 
     </span>
     <span class='ocr_line' id='line_1_7' title="bbox 447 1269 1537 1372; baseline -0.004 -26"><span class='ocrx_word' id='word_1_58' title='bbox 447 1281 548 1372; x_wconf 92' lang='grc' dir='ltr'>λόγοις</span> <span class='ocrx_word' id='word_1_59' title='bbox 565 1279 745 1369; x_wconf 83' lang='grc' dir='ltr'>ἐμεγοίλυνον</span> <span class='ocrx_word' id='word_1_60' title='bbox 762 1276 832 1352; x_wconf 86' lang='grc' dir='ltr'>τοῦς</span> <span class='ocrx_word' id='word_1_61' title='bbox 848 1276 990 1360; x_wconf 78' lang='grc' dir='ltr'>πολίτας,</span> <span class='ocrx_word' id='word_1_62' title='bbox 1010 1275 1111 1365; x_wconf 89' lang='grc' dir='ltr'>λόγοις</span> <span class='ocrx_word' id='word_1_63' title='bbox 1128 1274 1279 1362; x_wconf 80' lang='grc' dir='ltr'>ἀνύψονν,</span> <span class='ocrx_word' id='word_1_64' title='bbox 1302 1279 1366 1341; x_wconf 92' lang='grc' dir='ltr'>έστι</span> <span class='ocrx_word' id='word_1_65' title='bbox 1384 1273 1414 1341; x_wconf 84' lang='grc' dir='ltr'>θ’</span> <span class='ocrx_word' id='word_1_66' title='bbox 1432 1269 1467 1342; x_wconf 82' lang='grc' dir='ltr'>οῦ</span> <span class='ocrx_word' id='word_1_67' title='bbox 1484 1280 1537 1344; x_wconf 83' lang='grc' dir='ltr'>καί</span> 
     </span>
     <span class='ocr_line' id='line_1_8' title="bbox 446 1381 1538 1477; baseline -0.003 -22"><span class='ocrx_word' id='word_1_68' title='bbox 446 1386 573 1473; x_wconf 83' lang='grc' dir='ltr'>ἡλέουν,</span> <span class='ocrx_word' id='word_1_69' title='bbox 589 1391 642 1452; x_wconf 83' lang='grc' dir='ltr'>καὶ</span> <span class='ocrx_word' id='word_1_70' title='bbox 664 1385 748 1462; x_wconf 86' lang='grc' dir='ltr'>θεοὺς</span> <span class='ocrx_word' id='word_1_71' title='bbox 765 1381 976 1471; x_wconf 54' lang='grc' dir='ltr'>ε’ποτνιώμηνζ</span> <span class='ocrx_word' id='word_1_72' title='bbox 995 1382 1064 1458; x_wconf 81' lang='grc' dir='ltr'>τοὺς</span> <span class='ocrx_word' id='word_1_73' title='bbox 1080 1383 1231 1460; x_wconf 84' lang='grc' dir='ltr'>ἐναντίους</span> <span class='ocrx_word' id='word_1_74' title='bbox 1247 1387 1431 1477; x_wconf 80' lang='grc' dir='ltr'>θαρροῦντας</span> <span class='ocrx_word' id='word_1_75' title='bbox 1448 1386 1538 1477; x_wconf 84' lang='grc' dir='ltr'>ὁρῶν,</span> 
     </span>
     <span class='ocr_line' id='line_1_9' title="bbox 447 1490 1537 1590; baseline -0.01 -25"><span class='ocrx_word' id='word_1_76' title='bbox 447 1502 473 1565; x_wconf 86' lang='grc' dir='ltr'>εἰ</span> <span class='ocrx_word' id='word_1_77' title='bbox 486 1501 527 1587; x_wconf 86' lang='grc' dir='ltr'>μὴ</span> <span class='ocrx_word' id='word_1_78' title='bbox 538 1497 727 1590; x_wconf 85' lang='grc' dir='ltr'>παρεκάλουν</span> <span class='ocrx_word' id='word_1_79' title='bbox 740 1494 832 1582; x_wconf 86' lang='grc' dir='ltr'>ῦμοῖς·</span> <span class='ocrx_word' id='word_1_80' title='bbox 843 1497 908 1559; x_wconf 90' lang='grc' dir='ltr'>καί·</span> <span class='ocrx_word' id='word_1_81' title='bbox 919 1518 935 1551; x_wconf 73' lang='grc' dir='ltr'>(ι</span> <span class='ocrx_word' id='word_1_82' title='bbox 946 1493 1047 1568; x_wconf 82' lang='grc' dir='ltr'>Καλῆς</span> <span class='ocrx_word' id='word_1_83' title='bbox 1063 1490 1209 1584; x_wconf 73' lang='grc' dir='ltr'>πατρίδος</span> <span class='ocrx_word' id='word_1_84' title='bbox 1221 1493 1537 1586; x_wconf 48' lang='grc' dir='ltr'>καλὰγεννήματανθ,</span> 
     </span>
     <span class='ocr_line' id='line_1_10' title="bbox 447 1601 1538 1700; baseline -0.002 -27"><span class='ocrx_word' id='word_1_85' title='bbox 447 1610 561 1700; x_wconf 77' lang='grc' dir='ltr'>ἔλεγον,</span> <span class='ocrx_word' id='word_1_86' title='bbox 578 1631 594 1665; x_wconf 83' lang='grc' dir='ltr'>τ</span> <span class='ocrx_word' id='word_1_87' title='bbox 609 1607 731 1697; x_wconf 83' lang='grc' dir='ltr'>ἐρ’ἡμῖν</span> <span class='ocrx_word' id='word_1_88' title='bbox 746 1606 855 1670; x_wconf 86' lang='grc' dir='ltr'>οίπασα</span> <span class='ocrx_word' id='word_1_89' title='bbox 869 1604 954 1678; x_wconf 88' lang='grc' dir='ltr'>πόλις</span> <span class='ocrx_word' id='word_1_90' title='bbox 967 1612 1079 1686; x_wconf 85' lang='grc' dir='ltr'>κεῖται,</span> <span class='ocrx_word' id='word_1_91' title='bbox 1100 1602 1144 1690; x_wconf 83' lang='grc' dir='ltr'>ἐρ’</span> <span class='ocrx_word' id='word_1_92' title='bbox 1161 1605 1231 1691; x_wconf 86' lang='grc' dir='ltr'>ἡμῖν</span> <span class='ocrx_word' id='word_1_93' title='bbox 1247 1605 1262 1668; x_wconf 88' lang='grc' dir='ltr'><strong><em>ὁ</em></strong></span> <span class='ocrx_word' id='word_1_94' title='bbox 1277 1601 1372 1692; x_wconf 83' lang='grc' dir='ltr'>θὴμος</span> <span class='ocrx_word' id='word_1_95' title='bbox 1385 1601 1538 1691; x_wconf 58' lang='grc' dir='ltr'>σαλεύεθ,</span> 
     </span>
     <span class='ocr_line' id='line_1_11' title="bbox 448 1713 1541 1809; baseline -0.002 -25"><span class='ocrx_word' id='word_1_96' title='bbox 448 1717 493 1809; x_wconf 80' lang='grc' dir='ltr'>ἐφ’</span> <span class='ocrx_word' id='word_1_97' title='bbox 512 1720 582 1805; x_wconf 91' lang='grc' dir='ltr'>ἡμῖν</span> <span class='ocrx_word' id='word_1_98' title='bbox 597 1719 662 1782; x_wconf 80' lang='grc' dir='ltr'>ναοί</span> <span class='ocrx_word' id='word_1_99' title='bbox 681 1718 733 1781; x_wconf 84' lang='grc' dir='ltr'>καὶ</span> <span class='ocrx_word' id='word_1_100' title='bbox 755 1719 845 1785; x_wconf 87' lang='grc' dir='ltr'>θὴκαι</span> <span class='ocrx_word' id='word_1_101' title='bbox 862 1713 998 1805; x_wconf 87' lang='grc' dir='ltr'>πατέρων</span> <span class='ocrx_word' id='word_1_102' title='bbox 1015 1715 1066 1778; x_wconf 82' lang='grc' dir='ltr'>καὶ</span> <span class='ocrx_word' id='word_1_103' title='bbox 1085 1716 1228 1801; x_wconf 82' lang='grc' dir='ltr'>μνήματα</span> <span class='ocrx_word' id='word_1_104' title='bbox 1244 1716 1296 1778; x_wconf 83' lang='grc' dir='ltr'>καὶ</span> <span class='ocrx_word' id='word_1_105' title='bbox 1313 1723 1374 1779; x_wconf 83' lang='grc' dir='ltr'>πᾶν</span> <span class='ocrx_word' id='word_1_106' title='bbox 1394 1715 1470 1782; x_wconf 84' lang='grc' dir='ltr'>οίλλο</span> <span class='ocrx_word' id='word_1_107' title='bbox 1486 1724 1541 1793; x_wconf 78' lang='grc' dir='ltr'>τὴς</span> 
     </span>
     <span class='ocr_line' id='line_1_12' title="bbox 447 1821 1541 1917; baseline -0.001 -23"><span class='ocrx_word' id='word_1_108' title='bbox 447 1829 561 1903; x_wconf 86' lang='grc' dir='ltr'>πόλεως</span> <span class='ocrx_word' id='word_1_109' title='bbox 584 1827 745 1892; x_wconf 79' lang='grc' dir='ltr'>κάλλιστον</span> <span class='ocrx_word' id='word_1_110' title='bbox 768 1822 887 1894; x_wconf 77' lang='grc' dir='ltr'>ἕστηκε.</span> <span class='ocrx_word' id='word_1_111' title='bbox 912 1824 976 1887; x_wconf 82' lang='grc' dir='ltr'>Κᾶν</span> <span class='ocrx_word' id='word_1_112' title='bbox 998 1826 1084 1910; x_wconf 90' lang='grc' dir='ltr'>ἡμεῖς</span> <span class='ocrx_word' id='word_1_113' title='bbox 1102 1826 1339 1915; x_wconf 83' lang='grc' dir='ltr'>ρᾳθυμὴσωμεν,</span> <span class='ocrx_word' id='word_1_114' title='bbox 1362 1821 1481 1917; x_wconf 78' lang='grc' dir='ltr'>φροῦδα</span> <span class='ocrx_word' id='word_1_115' title='bbox 1500 1829 1541 1893; x_wconf 78' lang='grc' dir='ltr'>τὰ</span> 
     </span>
     <span class='ocr_line' id='line_1_13' title="bbox 448 1935 1544 2026; baseline 0 -24"><span class='ocrx_word' id='word_1_116' title='bbox 448 1940 564 2003; x_wconf 81' lang='grc' dir='ltr'>πάντα·</span> <span class='ocrx_word' id='word_1_117' title='bbox 581 1937 638 2001; x_wconf 81' lang='grc' dir='ltr'>κᾶν</span> <span class='ocrx_word' id='word_1_118' title='bbox 652 1935 885 2023; x_wconf 73' lang='grc' dir='ltr'>ἐπιμεληθῶμεν,</span> <span class='ocrx_word' id='word_1_119' title='bbox 903 1936 1105 2005; x_wconf 80' lang='grc' dir='ltr'>σωθήσονται.</span> <span class='ocrx_word' id='word_1_120' title='bbox 1122 1935 1233 2026; x_wconf 85' lang='grc' dir='ltr'>Μικρὸν</span> <span class='ocrx_word' id='word_1_121' title='bbox 1246 1935 1280 1998; x_wconf 87' lang='grc' dir='ltr'>τὸ</span> <span class='ocrx_word' id='word_1_122' title='bbox 1294 1943 1435 2026; x_wconf 86' lang='grc' dir='ltr'>σωτὴρας</span> <span class='ocrx_word' id='word_1_123' title='bbox 1447 1939 1544 2002; x_wconf 85' lang='grc' dir='ltr'>σἰκοῦ-</span> 
     </span>
     <span class='ocr_line' id='line_1_14' title="bbox 450 2042 1539 2135; baseline 0.001 -26"><span class='ocrx_word' id='word_1_124' title='bbox 450 2068 503 2110; x_wconf 89' lang='grc' dir='ltr'>σαι</span> <span class='ocrx_word' id='word_1_125' title='bbox 521 2044 662 2120; x_wconf 82' lang='grc' dir='ltr'>τοιαύτης</span> <span class='ocrx_word' id='word_1_126' title='bbox 677 2044 809 2122; x_wconf 89' lang='grc' dir='ltr'>πόλεως;</span> <span class='ocrx_word' id='word_1_127' title='bbox 831 2045 936 2135; x_wconf 85' lang='grc' dir='ltr'>μικρὸν</span> <span class='ocrx_word' id='word_1_128' title='bbox 958 2045 1029 2131; x_wconf 91' lang='grc' dir='ltr'>ἡμῖν</span> <span class='ocrx_word' id='word_1_129' title='bbox 1053 2042 1248 2134; x_wconf 79' lang='grc' dir='ltr'>εὐεργετῆσαι</span> <span class='ocrx_word' id='word_1_130' title='bbox 1264 2044 1316 2113; x_wconf 88' lang='grc' dir='ltr'>τὴν</span> <span class='ocrx_word' id='word_1_131' title='bbox 1334 2044 1539 2135; x_wconf 83' lang='grc' dir='ltr'>θρεψαμένην;</span> 
     </span>
     <span class='ocr_line' id='line_1_15' title="bbox 448 2149 1539 2244; baseline 0.001 -25"><span class='ocrx_word' id='word_1_132' title='bbox 448 2157 496 2226; x_wconf 89' lang='grc' dir='ltr'>Μὴ</span> <span class='ocrx_word' id='word_1_133' title='bbox 514 2151 552 2225; x_wconf 80' lang='grc' dir='ltr'>θὴ</span> <span class='ocrx_word' id='word_1_134' title='bbox 568 2158 759 2244; x_wconf 80' lang='grc' dir='ltr'>καθορῶμεν,</span> <span class='ocrx_word' id='word_1_135' title='bbox 774 2150 978 2244; x_wconf 57' lang='grc' dir='ltr'>παρακαλῶθ·</span> <span class='ocrx_word' id='word_1_136' title='bbox 998 2154 1041 2241; x_wconf 88' lang='grc' dir='ltr'>μὴ</span> <span class='ocrx_word' id='word_1_137' title='bbox 1056 2149 1330 2244; x_wconf 80' lang='grc' dir='ltr'>δειλανθρὴσωμεν.</span> <span class='ocrx_word' id='word_1_138' title='bbox 1348 2154 1412 2220; x_wconf 81' lang='grc' dir='ltr'>Κᾶν</span> <span class='ocrx_word' id='word_1_139' title='bbox 1428 2159 1539 2243; x_wconf 84' lang='grc' dir='ltr'>ζῶμεν,</span> 
     </span>
     <span class='ocr_line' id='line_1_16' title="bbox 450 2250 1542 2352; baseline 0.001 -23"><span class='ocrx_word' id='word_1_140' title='bbox 450 2264 579 2341; x_wconf 78' lang='grc' dir='ltr'>εὐκλεεῖς</span> <span class='ocrx_word' id='word_1_141' title='bbox 605 2250 735 2352; x_wconf 85' lang='grc' dir='ltr'>ἐσόμεθα</span> <span class='ocrx_word' id='word_1_142' title='bbox 755 2270 808 2328; x_wconf 90' lang='grc' dir='ltr'>τοῦ</span> <span class='ocrx_word' id='word_1_143' title='bbox 830 2265 952 2329; x_wconf 79' lang='grc' dir='ltr'>λοιποῦ·</span> <span class='ocrx_word' id='word_1_144' title='bbox 978 2264 1036 2328; x_wconf 82' lang='grc' dir='ltr'>κᾶν</span> <span class='ocrx_word' id='word_1_145' title='bbox 1058 2264 1226 2351; x_wconf 85' lang='grc' dir='ltr'>μαχόμενοι</span> <span class='ocrx_word' id='word_1_146' title='bbox 1251 2263 1407 2351; x_wconf 86' lang='grc' dir='ltr'>πέσωμεν,</span> <span class='ocrx_word' id='word_1_147' title='bbox 1434 2264 1542 2330; x_wconf 81' lang='grc' dir='ltr'>ἐκεῖνοι</span> 
     </span>
     <span class='ocr_line' id='line_1_17' title="bbox 450 2373 1543 2465; baseline 0 -25"><span class='ocrx_word' id='word_1_148' title='bbox 450 2378 611 2463; x_wconf 82' lang='grc' dir='ltr'>τιμήσουσι</span> <span class='ocrx_word' id='word_1_149' title='bbox 624 2380 704 2450; x_wconf 87' lang='grc' dir='ltr'>’ταῖς</span> <span class='ocrx_word' id='word_1_150' title='bbox 725 2383 852 2465; x_wconf 81' lang='grc' dir='ltr'>ταφαῖς,</span> <span class='ocrx_word' id='word_1_151' title='bbox 881 2373 987 2438; x_wconf 85' lang='grc' dir='ltr'>ἐκεῖνοι</span> <span class='ocrx_word' id='word_1_152' title='bbox 1011 2373 1156 2461; x_wconf 80' lang='grc' dir='ltr'>στέψουσι</span> <span class='ocrx_word' id='word_1_153' title='bbox 1177 2375 1230 2437; x_wconf 82' lang='grc' dir='ltr'>καί</span> <span class='ocrx_word' id='word_1_154' title='bbox 1252 2375 1413 2457; x_wconf 88' lang='grc' dir='ltr'>θανόντας,</span> <span class='ocrx_word' id='word_1_155' title='bbox 1435 2373 1543 2440; x_wconf 81' lang='grc' dir='ltr'>ἐκεῖνοι</span> 
     </span>
     <span class='ocr_line' id='line_1_18' title="bbox 450 2484 1023 2576; baseline -0.003 -27"><span class='ocrx_word' id='word_1_156' title='bbox 450 2485 519 2561; x_wconf 90' lang='grc' dir='ltr'>τοῦς</span> <span class='ocrx_word' id='word_1_157' title='bbox 535 2484 695 2576; x_wconf 78' lang='grc' dir='ltr'>ἡμετέρους</span> <span class='ocrx_word' id='word_1_158' title='bbox 711 2487 981 2575; x_wconf 88' lang='grc' dir='ltr'>παραμυθὴσονται</span> <span class='ocrx_word' id='word_1_159' title='bbox 993 2507 1023 2547; x_wconf 81' lang='grc' dir='ltr'>ν.</span> 
     </span>
    </p>

    <p class='ocr_par' dir='ltr' id='par_1_3' title="bbox 403 2588 1544 2905">
     <span class='ocr_line' id='line_1_19' title="bbox 499 2588 1543 2686; baseline 0 -26"><span class='ocrx_word' id='word_1_160' title='bbox 499 2599 535 2660; x_wconf 87' lang='grc' dir='ltr'>Τί</span> <span class='ocrx_word' id='word_1_161' title='bbox 553 2594 629 2686; x_wconf 85' lang='grc' dir='ltr'>φατέ</span> <span class='ocrx_word' id='word_1_162' title='bbox 638 2619 647 2672; x_wconf 81' lang='lat'>3</span> <span class='ocrx_word' id='word_1_163' title='bbox 666 2595 784 2686; x_wconf 82' lang='grc' dir='ltr'>γνώμης</span> <span class='ocrx_word' id='word_1_164' title='bbox 802 2600 901 2659; x_wconf 87' lang='grc' dir='ltr'>ταῦτα</span> <span class='ocrx_word' id='word_1_165' title='bbox 919 2601 1034 2670; x_wconf 57' lang='lat' dir='ltr'><strong>naono</strong></span> <span class='ocrx_word' id='word_1_166' title='bbox 1052 2595 1173 2684; x_wconf 86' lang='grc' dir='ltr'>γνώμης</span> <span class='ocrx_word' id='word_1_167' title='bbox 1190 2588 1297 2668; x_wconf 81' lang='grc' dir='ltr'>δολίας</span> <span class='ocrx_word' id='word_1_168' title='bbox 1313 2594 1386 2685; x_wconf 86' lang='grc' dir='ltr'>πρὸς</span> <span class='ocrx_word' id='word_1_169' title='bbox 1401 2595 1456 2664; x_wconf 90' lang='grc' dir='ltr'>τὴν</span> <span class='ocrx_word' id='word_1_170' title='bbox 1476 2618 1543 2660; x_wconf 87' lang='grc' dir='ltr'>πα-</span> 
     </span>
     <span class='ocr_line' id='line_1_20' title="bbox 403 2701 1544 2796; baseline 0 -26"><span class='ocrx_word' id='word_1_171' title='bbox 403 2707 405 2710; x_wconf 73' lang='grc'><strong>’</strong></span> <span class='ocrx_word' id='word_1_172' title='bbox 451 2702 560 2795; x_wconf 74' lang='grc' dir='ltr'>τρίθας</span> <span class='ocrx_word' id='word_1_173' title='bbox 579 2707 637 2768; x_wconf 84' lang='grc' dir='ltr'>Καὶ</span> <span class='ocrx_word' id='word_1_174' title='bbox 657 2707 682 2768; x_wconf 84' lang='grc' dir='ltr'>εἰ</span> <span class='ocrx_word' id='word_1_175' title='bbox 701 2705 802 2791; x_wconf 76' lang='grc' dir='ltr'>ψυχῆς</span> <span class='ocrx_word' id='word_1_176' title='bbox 820 2702 998 2769; x_wconf 80' lang='grc' dir='ltr'>ἐθελοκάλον</span> <span class='ocrx_word' id='word_1_177' title='bbox 1016 2708 1132 2785; x_wconf 86' lang='grc' dir='ltr'>ταῦτα,</span> <span class='ocrx_word' id='word_1_178' title='bbox 1153 2703 1251 2791; x_wconf 79' lang='grc' dir='ltr'>σχολῇ</span> <span class='ocrx_word' id='word_1_179' title='bbox 1269 2701 1299 2796; x_wconf 85' lang='grc' dir='ltr'>γ’</span> <span class='ocrx_word' id='word_1_180' title='bbox 1316 2704 1353 2768; x_wconf 80' lang='grc' dir='ltr'>ἂν</span> <span class='ocrx_word' id='word_1_181' title='bbox 1372 2702 1460 2796; x_wconf 84' lang='grc' dir='ltr'>ἕτεροί</span> <span class='ocrx_word' id='word_1_182' title='bbox 1475 2728 1544 2770; x_wconf 84' lang='grc' dir='ltr'>τινα</span> 
     </span>
     <span class='ocr_line' id='line_1_21' title="bbox 453 2801 1512 2905; baseline 0 -27"><span class='ocrx_word' id='word_1_183' title='bbox 453 2815 683 2903; x_wconf 90' lang='grc' dir='ltr'>καλοκαγαθίας</span> <span class='ocrx_word' id='word_1_184' title='bbox 700 2816 786 2877; x_wconf 87' lang='grc' dir='ltr'>ἔσται</span> <span class='ocrx_word' id='word_1_185' title='bbox 803 2816 1015 2905; x_wconf 88' lang='grc' dir='ltr'>γνωρίσματα.</span> <span class='ocrx_word' id='word_1_186' title='bbox 1510 2801 1512 2804; x_wconf 29' lang='lat'>¹</span> 
     </span>
    </p>

    <p class='ocr_par' dir='ltr' id='par_1_4' title="bbox 453 2904 1546 3344">
     <span class='ocr_line' id='line_1_22' title="bbox 501 2904 1542 3016; baseline 0.003 -29"><span class='ocrx_word' id='word_1_187' title='bbox 501 2904 573 3014; x_wconf 66' lang='grc' dir='ltr'>Ῑθγὼ</span> <span class='ocrx_word' id='word_1_188' title='bbox 592 2921 644 3009; x_wconf 82' lang='grc' dir='ltr'>μὲν</span> <span class='ocrx_word' id='word_1_189' title='bbox 660 2923 733 3013; x_wconf 88' lang='grc' dir='ltr'>πρὸς</span> <span class='ocrx_word' id='word_1_190' title='bbox 749 2925 802 2993; x_wconf 88' lang='grc' dir='ltr'>τὴν</span> <span class='ocrx_word' id='word_1_191' title='bbox 823 2927 1008 3014; x_wconf 90' lang='grc' dir='ltr'>κατηγορίαν</span> <span class='ocrx_word' id='word_1_192' title='bbox 1028 2924 1197 3016; x_wconf 83' lang='grc' dir='ltr'>ἀρκούντως</span> <span class='ocrx_word' id='word_1_193' title='bbox 1213 2921 1273 2996; x_wconf 83' lang='grc' dir='ltr'>ἡθη</span> <span class='ocrx_word' id='word_1_194' title='bbox 1296 2924 1523 3016; x_wconf 79' lang='grc' dir='ltr'>ἀπολελόγημαι</span> <span class='ocrx_word' id='word_1_195' title='bbox 1530 2971 1542 3009; x_wconf 84' lang='grc'>,</span> 
     </span>
     <span class='ocr_line' id='line_1_23' title="bbox 453 3031 1545 3126; baseline 0.001 -28"><span class='ocrx_word' id='word_1_196' title='bbox 453 3036 503 3098; x_wconf 86' lang='grc' dir='ltr'>καὶ</span> <span class='ocrx_word' id='word_1_197' title='bbox 523 3031 608 3120; x_wconf 78' lang='grc' dir='ltr'>οἶμαι</span> <span class='ocrx_word' id='word_1_198' title='bbox 632 3033 665 3096; x_wconf 92' lang='grc' dir='ltr'>οῦ</span> <span class='ocrx_word' id='word_1_199' title='bbox 686 3033 826 3098; x_wconf 90' lang='grc' dir='ltr'>πλειόνων</span> <span class='ocrx_word' id='word_1_200' title='bbox 844 3037 966 3126; x_wconf 74' lang='grc' dir='ltr'>χρῄζειν</span> <span class='ocrx_word' id='word_1_201' title='bbox 983 3033 1080 3122; x_wconf 78' lang='grc' dir='ltr'>ὑμεῖς,</span> <span class='ocrx_word' id='word_1_202' title='bbox 1101 3036 1174 3126; x_wconf 84' lang='grc' dir='ltr'>πρὸς</span> <span class='ocrx_word' id='word_1_203' title='bbox 1190 3034 1235 3100; x_wconf 85' lang='grc' dir='ltr'>ότι</span> <span class='ocrx_word' id='word_1_204' title='bbox 1252 3037 1303 3099; x_wconf 83' lang='grc' dir='ltr'>καὶ</span> <span class='ocrx_word' id='word_1_205' title='bbox 1323 3035 1475 3126; x_wconf 86' lang='grc' dir='ltr'>γνώσεσθε</span> <span class='ocrx_word' id='word_1_206' title='bbox 1491 3036 1545 3105; x_wconf 87' lang='grc' dir='ltr'>τὴν</span> 
     </span>
     <span class='ocr_line' id='line_1_24' title="bbox 453 3124 1546 3235; baseline 0.002 -28"><span class='ocrx_word' id='word_1_207' title='bbox 453 3143 598 3234; x_wconf 79' lang='grc' dir='ltr'>ἡμετέραν</span> <span class='ocrx_word' id='word_1_208' title='bbox 610 3138 812 3234; x_wconf 56' lang='grc' dir='ltr'>προαίρεσινἿ.</span> <span class='ocrx_word' id='word_1_209' title='bbox 833 3124 905 3208; x_wconf 80' lang='grc' dir='ltr'>Ᾱλλ’</span> <span class='ocrx_word' id='word_1_210' title='bbox 924 3145 1011 3235; x_wconf 82' lang='grc' dir='ltr'>ἀρκεῖ</span> <span class='ocrx_word' id='word_1_211' title='bbox 1022 3149 1138 3226; x_wconf 87' lang='grc' dir='ltr'>ταῦτα,</span> <span class='ocrx_word' id='word_1_212' title='bbox 1160 3142 1204 3208; x_wconf 85' lang='grc' dir='ltr'>ὅτι</span> <span class='ocrx_word' id='word_1_213' title='bbox 1217 3140 1287 3208; x_wconf 79' lang='grc' dir='ltr'>οῦδὲ</span> <span class='ocrx_word' id='word_1_214' title='bbox 1302 3144 1546 3232; x_wconf 84' lang='grc' dir='ltr'>μεμελετημένως</span> 
     </span>
     <span class='ocr_line' id='line_1_25' title="bbox 454 3252 818 3344; baseline -0.003 -27"><span class='ocrx_word' id='word_1_215' title='bbox 454 3257 515 3341; x_wconf 81' lang='grc' dir='ltr'>ἔχω</span> <span class='ocrx_word' id='word_1_216' title='bbox 533 3254 606 3344; x_wconf 86' lang='grc' dir='ltr'>πρὸς</span> <span class='ocrx_word' id='word_1_217' title='bbox 622 3253 729 3342; x_wconf 89' lang='grc' dir='ltr'>λόγους</span> <span class='ocrx_word' id='word_1_218' title='bbox 745 3252 818 3343; x_wconf 82' lang='grc' dir='ltr'>ἐγώ.</span> 
     </span>
    </p>
   </div>
   <div class='ocr_carea' id='block_1_3' title="bbox 503 3345 1547 3458">
    <p class='ocr_par' dir='ltr' id='par_1_5' title="bbox 503 3345 1547 3458">
     <span class='ocr_line' id='line_1_26' title="bbox 503 3345 1547 3458; baseline 0.005 -32"><span class='ocrx_word' id='word_1_219' title='bbox 503 3345 591 3451; x_wconf 79' lang='grc' dir='ltr'>Ῠμεῖς</span> <span class='ocrx_word' id='word_1_220' title='bbox 611 3359 644 3427; x_wconf 81' lang='grc' dir='ltr'>θὲ</span> <span class='ocrx_word' id='word_1_221' title='bbox 666 3360 694 3427; x_wconf 82' lang='grc' dir='ltr'>έν</span> <span class='ocrx_word' id='word_1_222' title='bbox 711 3388 761 3450; x_wconf 91' lang='grc' dir='ltr'>μοι</span> <span class='ocrx_word' id='word_1_223' title='bbox 779 3360 865 3449; x_wconf 81' lang='grc' dir='ltr'>θότε,</span> <span class='ocrx_word' id='word_1_224' title='bbox 884 3364 1072 3456; x_wconf 84' lang='grc' dir='ltr'>παρακαλῶ·</span> <span class='ocrx_word' id='word_1_225' title='bbox 1092 3362 1122 3428; x_wconf 82' lang='grc' dir='ltr'>ἕν</span> <span class='ocrx_word' id='word_1_226' title='bbox 1135 3391 1185 3451; x_wconf 92' lang='grc' dir='ltr'>μοι</span> <span class='ocrx_word' id='word_1_227' title='bbox 1198 3366 1387 3458; x_wconf 86' lang='grc' dir='ltr'>χαρίσασθε,</span> <span class='ocrx_word' id='word_1_228' title='bbox 1403 3368 1453 3431; x_wconf 82' lang='grc' dir='ltr'>ναὶ</span> <span class='ocrx_word' id='word_1_229' title='bbox 1471 3367 1547 3458; x_wconf 87' lang='grc' dir='ltr'>πρὸς</span> 
     </span>
    </p>
   </div>
   <div class='ocr_carea' id='block_1_4' title="bbox 456 3591 1549 4453">
    <p class='ocr_par' dir='ltr' id='par_1_6' title="bbox 489 3591 1511 3673">
     <span class='ocr_line' id='line_1_27' title="bbox 489 3591 1511 3673; baseline 0.001 -17"><span class='ocrx_word' id='word_1_230' title='bbox 489 3607 498 3634; x_wconf 85' lang='lat'>¹</span> <span class='ocrx_word' id='word_1_231' title='bbox 509 3607 607 3664; x_wconf 83' lang='lat' dir='ltr'><strong>Codex,</strong></span> <span class='ocrx_word' id='word_1_232' title='bbox 618 3611 681 3663; x_wconf 82' lang='grc' dir='ltr'>τοὺς.</span> <span class='ocrx_word' id='word_1_233' title='bbox 694 3606 785 3672; x_wconf 78' lang='lat' dir='ltr'><strong>Scripsi</strong></span> <span class='ocrx_word' id='word_1_234' title='bbox 794 3616 854 3666; x_wconf 84' lang='grc' dir='ltr'>τοῖς.</span> <span class='ocrx_word' id='word_1_235' title='bbox 1046 3607 1186 3664; x_wconf 72' lang='grc' dir='ltr'>*Καλῆς....</span> <span class='ocrx_word' id='word_1_236' title='bbox 1198 3605 1269 3672; x_wconf 82' lang='grc' dir='ltr'>καλά]</span> <span class='ocrx_word' id='word_1_237' title='bbox 1280 3607 1336 3656; x_wconf 80' lang='lat' dir='ltr'><strong>vide</strong></span> <span class='ocrx_word' id='word_1_238' title='bbox 1349 3623 1377 3673; x_wconf 84' lang='lat' dir='ltr'>p.</span> <span class='ocrx_word' id='word_1_239' title='bbox 1390 3591 1432 3669; x_wconf 74' lang='lat'>5¹5,</span> <span class='ocrx_word' id='word_1_240' title='bbox 1444 3625 1470 3660; x_wconf 88' lang='lat' dir='ltr'>n.</span> <span class='ocrx_word' id='word_1_241' title='bbox 1489 3613 1511 3661; x_wconf 81' lang='lat'>1.</span> 
     </span>
    </p>

    <p class='ocr_par' dir='ltr' id='par_1_7' title="bbox 456 3684 1549 4379">
     <span class='ocr_line' id='line_1_28' title="bbox 488 3684 1548 3754; baseline 0.003 -20"><span class='ocrx_word' id='word_1_242' title='bbox 488 3684 583 3745; x_wconf 86' lang='lat' dir='ltr'><strong>&#39;Cod.,</strong></span> <span class='ocrx_word' id='word_1_243' title='bbox 597 3684 730 3753; x_wconf 83' lang='grc' dir='ltr'>ῦρορώμην.</span> <span class='ocrx_word' id='word_1_244' title='bbox 749 3685 825 3734; x_wconf 82' lang='lat' dir='ltr'><strong>Solita</strong></span> <span class='ocrx_word' id='word_1_245' title='bbox 837 3685 985 3733; x_wconf 78' lang='lat' dir='ltr'><strong>vocaliumo</strong></span> <span class='ocrx_word' id='word_1_246' title='bbox 1045 3684 1101 3733; x_wconf 71' lang='lat' dir='ltr'>‘lie</span> <span class='ocrx_word' id='word_1_247' title='bbox 1123 3686 1226 3735; x_wconf 79' lang='lat' dir='ltr'>formula</span> <span class='ocrx_word' id='word_1_248' title='bbox 1247 3688 1351 3735; x_wconf 82' lang='grc' dir='ltr'>σαλεύειν</span> <span class='ocrx_word' id='word_1_249' title='bbox 1370 3686 1410 3736; x_wconf 80' lang='grc' dir='ltr'>ῖπῖ</span> <span class='ocrx_word' id='word_1_250' title='bbox 1432 3706 1480 3737; x_wconf 84' lang='grc' dir='ltr'>τινι</span> <span class='ocrx_word' id='word_1_251' title='bbox 1499 3703 1548 3754; x_wconf 79' lang='lat' dir='ltr'>qua</span> 
     </span>
     <span class='ocr_line' id='line_1_29' title="bbox 457 3761 1547 3827; baseline 0.003 -15"><span class='ocrx_word' id='word_1_252' title='bbox 457 3782 468 3813; x_wconf 92' lang='grc' dir='ltr'>ο</span> <span class='ocrx_word' id='word_1_253' title='bbox 480 3763 646 3811; x_wconf 82' lang='lat' dir='ltr'><strong>commutatio.</strong></span> <span class='ocrx_word' id='word_1_254' title='bbox 661 3761 823 3827; x_wconf 81' lang='lat' dir='ltr'>Pachymeres</span> <span class='ocrx_word' id='word_1_255' title='bbox 835 3761 896 3811; x_wconf 82' lang='lat' dir='ltr'><strong>Hist.</strong></span> <span class='ocrx_word' id='word_1_256' title='bbox 907 3762 984 3812; x_wconf 81' lang='lat' dir='ltr'><strong>Andr.</strong></span> <span class='ocrx_word' id='word_1_257' title='bbox 1013 3773 1094 3812; x_wconf 76' lang='lat' dir='ltr'><strong>otetur</strong></span> <span class='ocrx_word' id='word_1_258' title='bbox 1102 3779 1159 3811; x_wconf 78' lang='lat' dir='ltr'>mox</span> <span class='ocrx_word' id='word_1_259' title='bbox 1169 3778 1193 3827; x_wconf 87' lang='lat' dir='ltr'>p.</span> <span class='ocrx_word' id='word_1_260' title='bbox 1205 3763 1250 3820; x_wconf 84' lang='lat'>89,</span> <span class='ocrx_word' id='word_1_261' title='bbox 1265 3762 1320 3812; x_wconf 82' lang='lat' dir='ltr'><strong>vido</strong></span> <span class='ocrx_word' id='word_1_262' title='bbox 1329 3775 1400 3813; x_wconf 77' lang='lat' dir='ltr'><strong>notas</strong></span> <span class='ocrx_word' id='word_1_263' title='bbox 1412 3765 1444 3814; x_wconf 84' lang='lat' dir='ltr'>ad</span> <span class='ocrx_word' id='word_1_264' title='bbox 1458 3765 1547 3815; x_wconf 79' lang='lat' dir='ltr'><strong>chon&#39;-</strong></span> 
     </span>
     <span class='ocr_line' id='line_1_30' title="bbox 456 3840 1549 3905; baseline 0.003 -16"><span class='ocrx_word' id='word_1_265' title='bbox 456 3843 486 3902; x_wconf 87' lang='grc'>6,</span> <span class='ocrx_word' id='word_1_266' title='bbox 497 3843 528 3898; x_wconf 84' lang='lat'>2,</span> <span class='ocrx_word' id='word_1_267' title='bbox 544 3856 571 3905; x_wconf 88' lang='lat' dir='ltr'>p.</span> <span class='ocrx_word' id='word_1_268' title='bbox 584 3841 649 3888; x_wconf 73' lang='lat'>4¹15:</span> <span class='ocrx_word' id='word_1_269' title='bbox 662 3843 828 3889; x_wconf 76' lang='grc' dir='ltr'>κοινωνούντων</span> <span class='ocrx_word' id='word_1_270' title='bbox 842 3842 876 3898; x_wconf 72' lang='grc' dir='ltr'>οἷς</span> <span class='ocrx_word' id='word_1_271' title='bbox 891 3840 917 3890; x_wconf 90' lang='grc' dir='ltr'>οῦ</span> <span class='ocrx_word' id='word_1_272' title='bbox 932 3860 986 3889; x_wconf 84' lang='grc' dir='ltr'>κοι-</span> <span class='ocrx_word' id='word_1_273' title='bbox 1012 3841 1090 3900; x_wconf 77' lang='lat' dir='ltr'>cium,</span> <span class='ocrx_word' id='word_1_274' title='bbox 1101 3857 1127 3903; x_wconf 85' lang='lat' dir='ltr'>p.</span> <span class='ocrx_word' id='word_1_275' title='bbox 1141 3841 1182 3889; x_wconf 78' lang='lat'>95.</span> <span class='ocrx_word' id='word_1_276' title='bbox 1195 3840 1264 3901; x_wconf 84' lang='lat' dir='ltr'><strong>Quod</strong></span> <span class='ocrx_word' id='word_1_277' title='bbox 1275 3841 1324 3890; x_wconf 83' lang='lat' dir='ltr'>dixi</span> <span class='ocrx_word' id='word_1_278' title='bbox 1342 3842 1366 3890; x_wconf 87' lang='lat' dir='ltr'>in</span> <span class='ocrx_word' id='word_1_279' title='bbox 1384 3841 1469 3892; x_wconf 75' lang='lat' dir='ltr'><strong>lodice</strong></span> <span class='ocrx_word' id='word_1_280' title='bbox 1480 3842 1549 3894; x_wconf 85' lang='lat' dir='ltr'><strong>Cho-</strong></span> 
     </span>
     <span class='ocr_line' id='line_1_31' title="bbox 456 3915 1547 3983; baseline 0.003 -15"><span class='ocrx_word' id='word_1_281' title='bbox 456 3928 533 3968; x_wconf 81' lang='grc' dir='ltr'>νωνεῖν</span> <span class='ocrx_word' id='word_1_282' title='bbox 554 3917 628 3975; x_wconf 83' lang='grc' dir='ltr'>ἄξιον.</span> <span class='ocrx_word' id='word_1_283' title='bbox 652 3916 695 3965; x_wconf 80' lang='lat' dir='ltr'>Est</span> <span class='ocrx_word' id='word_1_284' title='bbox 718 3919 752 3973; x_wconf 80' lang='grc' dir='ltr'>οῖς</span> <span class='ocrx_word' id='word_1_285' title='bbox 775 3915 915 3981; x_wconf 75' lang='lat' dir='ltr'><strong>conjectura</strong></span> <span class='ocrx_word' id='word_1_286' title='bbox 942 3918 985 3966; x_wconf 82' lang='lat' dir='ltr'><strong>viri</strong></span> <span class='ocrx_word' id='word_1_287' title='bbox 1012 3919 1119 3976; x_wconf 76' lang='lat' dir='ltr'><strong>niciano,</strong></span> <span class='ocrx_word' id='word_1_288' title='bbox 1138 3933 1178 3967; x_wconf 90' lang='lat' dir='ltr'>me</span> <span class='ocrx_word' id='word_1_289' title='bbox 1198 3919 1342 3983; x_wconf 78' lang='lat' dir='ltr'>promissam</span> <span class='ocrx_word' id='word_1_290' title='bbox 1364 3921 1547 3971; x_wconf 76' lang='lat' dir='ltr'><strong>annotationem</strong></span> 
     </span>
     <span class='ocr_line' id='line_1_32' title="bbox 457 3994 1520 4063; baseline 0.001 -16"><span class='ocrx_word' id='word_1_291' title='bbox 457 3999 524 4048; x_wconf 80' lang='lat' dir='ltr'><strong>doct.</strong></span> <span class='ocrx_word' id='word_1_292' title='bbox 543 3997 646 4044; x_wconf 80' lang='lat' dir='ltr'>sortasse</span> <span class='ocrx_word' id='word_1_293' title='bbox 662 3994 762 4044; x_wconf 77' lang='lat' dir='ltr'><strong>calidius</strong></span> <span class='ocrx_word' id='word_1_294' title='bbox 779 4004 888 4059; x_wconf 78' lang='lat' dir='ltr'><strong>recepta.</strong></span> <span class='ocrx_word' id='word_1_295' title='bbox 902 3995 986 4045; x_wconf 80' lang='lat' dir='ltr'>Codex</span> <span class='ocrx_word' id='word_1_296' title='bbox 1013 4014 1062 4047; x_wconf 88' lang='lat' dir='ltr'>non</span> <span class='ocrx_word' id='word_1_297' title='bbox 1074 3997 1216 4062; x_wconf 78' lang='lat' dir='ltr'><strong>scripsisse,</strong></span> <span class='ocrx_word' id='word_1_298' title='bbox 1226 4012 1273 4063; x_wconf 82' lang='lat' dir='ltr'>pro</span> <span class='ocrx_word' id='word_1_299' title='bbox 1287 3996 1379 4046; x_wconf 82' lang='lat' dir='ltr'><strong>indicto</strong></span> <span class='ocrx_word' id='word_1_300' title='bbox 1390 3996 1520 4048; x_wconf 78' lang='lat' dir='ltr'><strong>habentur.</strong></span> 
     </span>
     <span class='ocr_line' id='line_1_33' title="bbox 458 4072 1547 4144; baseline 0.001 -19"><span class='ocrx_word' id='word_1_301' title='bbox 458 4091 529 4141; x_wconf 89' lang='lat' dir='ltr'>quem</span> <span class='ocrx_word' id='word_1_302' title='bbox 538 4073 585 4122; x_wconf 87' lang='lat' dir='ltr'><strong>vidi</strong></span> <span class='ocrx_word' id='word_1_303' title='bbox 593 4072 806 4136; x_wconf 78' lang='lat' dir='ltr'><strong>nondisorepatab</strong></span> <span class='ocrx_word' id='word_1_304' title='bbox 816 4072 933 4123; x_wconf 81' lang='lat' dir='ltr'><strong>editione.</strong></span> <span class='ocrx_word' id='word_1_305' title='bbox 941 4073 987 4122; x_wconf 80' lang='lat' dir='ltr'>Lo-</span> <span class='ocrx_word' id='word_1_306' title='bbox 1047 4075 1311 4144; x_wconf 73' lang='grc' dir='ltr'>οθοιηικίειπαρακαλῶ</span> <span class='ocrx_word' id='word_1_307' title='bbox 1320 4075 1412 4138; x_wconf 76' lang='lat' dir='ltr'><strong>placuit</strong></span> <span class='ocrx_word' id='word_1_308' title='bbox 1420 4075 1547 4139; x_wconf 69' lang='lat' dir='ltr'><strong>sophista.</strong></span> 
     </span>
     <span class='ocr_line' id='line_1_34' title="bbox 459 4151 1549 4219; baseline -0.001 -16"><span class='ocrx_word' id='word_1_309' title='bbox 459 4156 535 4219; x_wconf 82' lang='lat' dir='ltr'>gerim</span> <span class='ocrx_word' id='word_1_310' title='bbox 543 4153 676 4202; x_wconf 80' lang='lat' dir='ltr'><strong>mutatione</strong></span> <span class='ocrx_word' id='word_1_311' title='bbox 683 4153 754 4201; x_wconf 82' lang='lat' dir='ltr'><strong>nnius</strong></span> <span class='ocrx_word' id='word_1_312' title='bbox 762 4151 848 4201; x_wconf 80' lang='lat' dir='ltr'><strong>litterae</strong></span> <span class='ocrx_word' id='word_1_313' title='bbox 856 4152 983 4203; x_wconf 81' lang='lat' dir='ltr'><strong>facillima:</strong></span> <span class='ocrx_word' id='word_1_314' title='bbox 1013 4155 1072 4203; x_wconf 81' lang='lat' dir='ltr'>Eam</span> <span class='ocrx_word' id='word_1_315' title='bbox 1088 4154 1176 4216; x_wconf 80' lang='lat' dir='ltr'><strong>saepiuo</strong></span> <span class='ocrx_word' id='word_1_316' title='bbox 1193 4155 1310 4212; x_wconf 82' lang='lat' dir='ltr'>vidimus,</span> <span class='ocrx_word' id='word_1_317' title='bbox 1323 4168 1367 4217; x_wconf 87' lang='lat' dir='ltr'>pp.</span> <span class='ocrx_word' id='word_1_318' title='bbox 1382 4155 1427 4212; x_wconf 75' lang='lat'>1&#39;1,</span> <span class='ocrx_word' id='word_1_319' title='bbox 1442 4154 1487 4210; x_wconf 70' lang='lat'>14,</span> <span class='ocrx_word' id='word_1_320' title='bbox 1501 4156 1549 4214; x_wconf 75' lang='lat'>23,</span> 
     </span>
     <span class='ocr_line' id='line_1_35' title="bbox 457 4231 1530 4297; baseline -0.002 -15"><span class='ocrx_word' id='word_1_321' title='bbox 457 4236 622 4282; x_wconf 76' lang='grc' dir='ltr'>κοινωνούντων</span> <span class='ocrx_word' id='word_1_322' title='bbox 634 4232 660 4281; x_wconf 91' lang='grc' dir='ltr'>οῦ</span> <span class='ocrx_word' id='word_1_323' title='bbox 671 4241 785 4281; x_wconf 83' lang='grc' dir='ltr'>κοινωνεῖν</span> <span class='ocrx_word' id='word_1_324' title='bbox 798 4232 878 4292; x_wconf 82' lang='grc' dir='ltr'>ἀξίων·</span> <span class='ocrx_word' id='word_1_325' title='bbox 891 4248 904 4274; x_wconf 75' lang='grc'><strong>«</strong></span> <span class='ocrx_word' id='word_1_326' title='bbox 915 4246 986 4297; x_wconf 74' lang='lat' dir='ltr'>com·</span> <span class='ocrx_word' id='word_1_327' title='bbox 1014 4235 1054 4290; x_wconf 77' lang='lat'>31,</span> <span class='ocrx_word' id='word_1_328' title='bbox 1066 4234 1111 4288; x_wconf 82' lang='lat'>68.</span> <span class='ocrx_word' id='word_1_329' title='bbox 1123 4235 1169 4290; x_wconf 82' lang='lat'>783</span> <span class='ocrx_word' id='word_1_330' title='bbox 1180 4231 1316 4281; x_wconf 71' lang='lat' dir='ltr'><strong>videbimus</strong></span> <span class='ocrx_word' id='word_1_331' title='bbox 1328 4247 1385 4282; x_wconf 86' lang='lat' dir='ltr'>mox</span> <span class='ocrx_word' id='word_1_332' title='bbox 1396 4241 1422 4281; x_wconf 84' lang='lat' dir='ltr'>et</span> <span class='ocrx_word' id='word_1_333' title='bbox 1431 4233 1530 4296; x_wconf 70' lang='lat' dir='ltr'><strong>saepius.</strong></span> 
     </span>
     <span class='ocr_line' id='line_1_36' title="bbox 459 4309 1548 4379; baseline -0.001 -21"><span class='ocrx_word' id='word_1_334' title='bbox 459 4309 636 4359; x_wconf 76' lang='lat' dir='ltr'><strong>munioantiboo</strong></span> <span class='ocrx_word' id='word_1_335' title='bbox 647 4310 817 4360; x_wconf 86' lang='lat' dir='ltr'>communione</span> <span class='ocrx_word' id='word_1_336' title='bbox 833 4309 971 4373; x_wconf 78' lang='lat' dir='ltr'><strong>indignis».</strong></span> <span class='ocrx_word' id='word_1_337' title='bbox 1048 4309 1135 4361; x_wconf 57' lang='lat' dir='ltr'><strong>&#39;Foro</strong></span> <span class='ocrx_word' id='word_1_338' title='bbox 1157 4309 1227 4374; x_wconf 81' lang='grc' dir='ltr'>ὑμᾶς.</span> <span class='ocrx_word' id='word_1_339' title='bbox 1246 4316 1384 4379; x_wconf 78' lang='grc' dir='ltr'>Προςίτι....</span> <span class='ocrx_word' id='word_1_340' title='bbox 1400 4318 1548 4377; x_wconf 81' lang='grc' dir='ltr'>προαίρεσιν.</span> 
     </span>
    </p>

    <p class='ocr_par' dir='ltr' id='par_1_8' title="bbox 491 4384 1154 4453">
     <span class='ocr_line' id='line_1_37' title="bbox 491 4384 1154 4453; baseline 0.002 -16"><span class='ocrx_word' id='word_1_341' title='bbox 491 4387 580 4444; x_wconf 70' lang='grc' dir='ltr'>’Θεοῦς</span> <span class='ocrx_word' id='word_1_342' title='bbox 590 4388 745 4453; x_wconf 76' lang='grc' dir='ltr'>ἐποτνιώμην]</span> <span class='ocrx_word' id='word_1_343' title='bbox 756 4387 811 4437; x_wconf 82' lang='lat' dir='ltr'><strong>vide</strong></span> <span class='ocrx_word' id='word_1_344' title='bbox 825 4404 851 4451; x_wconf 88' lang='lat' dir='ltr'>p.</span> <span class='ocrx_word' id='word_1_345' title='bbox 865 4389 896 4435; x_wconf 62' lang='grc' dir='ltr'>λθ</span> <span class='ocrx_word' id='word_1_346' title='bbox 905 4424 912 4449; x_wconf 85' lang='grc'>,</span> <span class='ocrx_word' id='word_1_347' title='bbox 922 4403 948 4436; x_wconf 91' lang='lat' dir='ltr'>n.</span> <span class='ocrx_word' id='word_1_348' title='bbox 960 4390 985 4436; x_wconf 81' lang='lat'>2.</span> <span class='ocrx_word' id='word_1_349' title='bbox 1014 4413 1045 4424; x_wconf 89' lang='lat'>-·-</span> <span class='ocrx_word' id='word_1_350' title='bbox 1057 4384 1154 4438; x_wconf 75' lang='grc' dir='ltr'>λλλ’....</span> 
     </span>
    </p>
   </div>
   <div class='ocr_carea' id='block_1_5' title="bbox 0 0 1859 5659">
    <p class='ocr_par' dir='ltr' id='par_1_9' title="bbox 0 0 1859 5659">
     <span class='ocr_line' id='line_1_38' title="bbox 0 0 1859 5659; baseline 0 0"><span class='ocrx_word' id='word_1_351' title='bbox 0 0 1859 5659; x_wconf 95' lang='lat' dir='ltr'> </span> 
     </span>
    </p>
   </div>
  </div>
 </body>
</html>
